#FLAGGA 0
#FORMAT PC8
#SIETYP 4
#PROGRAM "Visma Administration 2000" 2020.3
#GEN 20211229 
#FNAMN ""
#TAXAR 2022 
#VALUTA SEK#VER A 1 20220124 Trafikkontoret c/o servi 20211229
{
   #TRANS 1930 {} -1100.00
   #TRANS 2893 {} 1100.00
}
#VER A 2 20220124 35314369001 /21-12-27 20211228
{
   #TRANS 1930 {} -2060.37
   #TRANS 2893 {} 2060.37
}
#VER A 3 20220124 Okq8        /21-12-26 20211228
{
   #TRANS 1930 {} -60.00
   #TRANS 2893 {} 60.00
}
#VER A 4 20220124 038443963000 20211228
{
   #TRANS 1930 {} 2213.76
   #TRANS 2893 {} -2213.76
}
#VER A 5 20220124 038443963000 20211228
{
   #TRANS 1930 {} 2048.20
   #TRANS 2893 {} -2048.20
}
#VER A 6 20220124 Vattenfall 20211228
{
   #TRANS 1930 {} -1169.08
   #TRANS 2893 {} 1169.08
}
#VER A 7 20220124 Okq8        /21-12-24 20211227
{
   #TRANS 1930 {} -202.14
   #TRANS 2893 {} 202.14
}
#VER A 8 20220124 Atm kontante/21-12-21 20211222
{
   #TRANS 1930 {} -2000.00
   #TRANS 2893 {} 2000.00
}
#VER A 9 20220124 038153167000 20211222
{
   #TRANS 1930 {} 3962.60
   #TRANS 2893 {} -3962.60
}
#VER A 10 20220124 Shell upplan/21-12-20 20211221
{
   #TRANS 1930 {} -300.26
   #TRANS 2893 {} 300.26
}
#VER A 11 20220124 038053971000 20211221
{
   #TRANS 1930 {} 4023.25
   #TRANS 2893 {} -4023.25
}
#VER A 12 20220124 038053971000 20211221
{
   #TRANS 1930 {} 3128.13
   #TRANS 2893 {} -3128.13
}
#VER A 13 20220124 038108931000 20211221
{
   #TRANS 1930 {} 2166.59
   #TRANS 2893 {} -2166.59
}
#VER A 14 20220124 810597346056 20211221
{
   #TRANS 1930 {} -8289.00
   #TRANS 2893 {} 8289.00
}
#VER A 15 20220124 037804585000 20211215
{
   #TRANS 1930 {} 3859.61
   #TRANS 2893 {} -3859.61
}
#VER A 16 20220124 037608381000 20211214
{
   #TRANS 1930 {} 2723.94
   #TRANS 2893 {} -2723.94
}
#VER A 17 20220124 037759619000 20211214
{
   #TRANS 1930 {} 2213.75
   #TRANS 2893 {} -2213.75
}
#VER A 18 20220124 037481765000 20211210
{
   #TRANS 1930 {} 2117.51
   #TRANS 2893 {} -2117.51
}
#VER A 19 20220124 Bilprovninge/21-12-08 20211209
{
   #TRANS 1930 {} -519.00
   #TRANS 2893 {} 519.00
}
#VER A 20 20220124 Biltema swed/21-12-08 20211209
{
   #TRANS 1930 {} 1249.00
   #TRANS 2893 {} -1249.00
}
#VER A 21 20220124 Biltema swed/21-12-08 20211209
{
   #TRANS 1930 {} -1318.90
   #TRANS 2893 {} 1318.90
}
#VER A 22 20220124 Biltema mora/21-12-08 20211209
{
   #TRANS 1930 {} -1249.00
   #TRANS 2893 {} 1249.00
}
#VER A 23 20220124 St1 tullinge/21-12-07 20211208
{
   #TRANS 1930 {} -500.09
   #TRANS 2893 {} 500.09
}
#VER A 24 20220124 Aut19:59 20211207
{
   #TRANS 1930 {} -1500.00
   #TRANS 2893 {} 1500.00
}
#VER A 25 20220124 037312386000 20211207
{
   #TRANS 1930 {} 4042.46
   #TRANS 2893 {} -4042.46
}
#VER A 26 20220124 037312386000 20211207
{
   #TRANS 1930 {} 3503.67
   #TRANS 2893 {} -3503.67
}
#VER A 27 20220124 037312386000 20211207
{
   #TRANS 1930 {} 1039.50
   #TRANS 2893 {} -1039.50
}
#VER A 28 20220124 037172954000 20211206
{
   #TRANS 1930 {} 88.55
   #TRANS 2893 {} -88.55
}
#VER A 29 20220124 Atm kontante/21-12-03 20211206
{
   #TRANS 1930 {} -500.00
   #TRANS 2893 {} 500.00
}
#VER A 30 20220124 Atm kontante/21-12-03 20211206
{
   #TRANS 1930 {} -500.00
   #TRANS 2893 {} 500.00
}
#VER A 31 20220124 037102584000 20211203
{
   #TRANS 1930 {} 88.60
   #TRANS 2893 {} -88.60
}
#VER A 32 20220124 Ica supermar/21-12-01 20211202
{
   #TRANS 1930 {} -156.00
   #TRANS 2893 {} 156.00
}
#VER A 33 20220124 036973104000 20211201
{
   #TRANS 1930 {} 10231.45
   #TRANS 2893 {} -10231.45
}
#VER A 34 20220124 036929465000 20211130
{
   #TRANS 1930 {} 2464.03
   #TRANS 2893 {} -2464.03
}
#VER A 35 20220124 Homerental nordic AB 20211130
{
   #TRANS 1930 {} -12400.00
   #TRANS 2893 {} 12400.00
}
#VER A 36 20220124 Homerental nordic AB 20211130
{
   #TRANS 1930 {} -10000.00
   #TRANS 2893 {} 10000.00
}
#VER A 37 20220124 Tele2 sverige AB 20211130
{
   #TRANS 1930 {} -643.00
   #TRANS 2893 {} 643.00
}
#VER A 38 20220124 Felparkeringsavgift tran 20211130
{
   #TRANS 1930 {} -1100.00
   #TRANS 1630 {} 1100.00
}
#VER A 39 20220124 Felparkeringsavgift tran 20211130
{
   #TRANS 1930 {} -1100.00
   #TRANS 1630 {} 1100.00
}
#VER A 40 20220124 Felparkeringsavgift tran 20211130
{
   #TRANS 1930 {} -900.00
   #TRANS 1630 {} 900.00
}
#VER A 41 20220124 Fordonsskatt transportst 20211130
{
   #TRANS 1930 {} -65.00
   #TRANS 5616 {} 65.00
}
#VER A 42 20220124 Sf fastighets 11 i marie 20211130
{
   #TRANS 1930 {} -12805.00
   #TRANS 2893 {} 12805.00
}
#VER A 43 20220124 Fortus international fin 20211130
{
   #TRANS 1930 {} -2275.00
   #TRANS 2893 {} 2275.00
}
