#FLAGGA 0
#FORMAT PC8
#SIETYP 4
#PROGRAM "Visma Administration 2000" 2020.3
#GEN 20211229 
#FNAMN "300 Auto AB"
#FNR "C:\ProgramData\SPCS\SPCS Administration\Företag\FTG300Auto"
#ORGNR 559124-2168
#ADRESS "" "" "" ""
#RAR 0 20210101 20211231
#RAR -1 20200101 20201231
#TAXAR 2022 
#VALUTA SEK

#VER A 1 20210104 Parkman 20210412
{
   #TRANS 1930 {} -60.00
   #TRANS 1799 {} 60.00
}
#VER A 2 20210104 Bisnode 20210412
{
   #TRANS 1930 {} -253.00
   #TRANS 1799 {} 253.00
}
#VER A 3 20210104 Bisnode 20210412
{
   #TRANS 1930 {} -340.00
   #TRANS 1799 {} 340.00
}
#VER A 4 20210104 Kreditavgift 20210412
{
   #TRANS 1930 {} -10000.00
   #TRANS 1799 {} 10000.00
}
#VER A 5 20210105 Move 20210901
{
   #TRANS 1930 {} -12500.00
   #TRANS 5010 {} 12500.00
}
#VER A 6 20210105 Homerental 20210412
{
   #TRANS 1930 {} -11600.00
   #TRANS 1799 {} 11600.00
}
#VER A 7 20210105 Ad 20210412
{
   #TRANS 1930 {} -549.00
   #TRANS 1799 {} 549.00
}
#VER A 8 20210105 Ad 20210901
{
   #TRANS 1930 {} 183.00
   #TRANS 1799 {} -183.00
}
#VER A 9 20210107 Rusta 20210412
{
   #TRANS 1930 {} -786.70
   #TRANS 1799 {} 786.70
}
#VER A 10 20210108 Okq8 20210412
{
   #TRANS 1930 {} -605.96
   #TRANS 1799 {} 605.96
}
#VER A 11 20210111 Aimo 20210412
{
   #TRANS 1930 {} -10.00
   #TRANS 1799 {} 10.00
}
#VER A 12 20210113 Biltema 20210412
{
   #TRANS 1930 {} -119.80
   #TRANS 1799 {} 119.80
}
#VER A 13 20210114 Okq8 20210412
{
   #TRANS 1930 {} -100.63
   #TRANS 1799 {} 100.63
}
#VER A 14 20210118 Trygg 20210412
{
   #TRANS 1930 {} -1261.00
   #TRANS 1799 {} 1261.00
}
#VER A 15 20210118 Vattenfall 20210412
{
   #TRANS 1930 {} -4970.60
   #TRANS 1799 {} 4970.60
}
#VER A 16 20210118 Com 20210412
{
   #TRANS 1930 {} -644.00
   #TRANS 1799 {} 644.00
}
#VER A 17 20210118 Autoconcept 20210412
{
   #TRANS 1930 {} -1494.00
   #TRANS 1799 {} 1494.00
}
#VER A 18 20210118 Lowell 20210412
{
   #TRANS 1930 {} -262.22
   #TRANS 1799 {} 262.22
}
#VER A 19 20210118 Arvato 20210412
{
   #TRANS 1930 {} -1100.00
   #TRANS 1799 {} 1100.00
}
#VER A 20 20210122 Tele2 20210412
{
   #TRANS 1930 {} -714.00
   #TRANS 1799 {} 714.00
}
#VER A 21 20210122 Parkering 20210412
{
   #TRANS 1930 {} -7.00
   #TRANS 1799 {} 7.00
}
#VER A 22 20210125 St1 20210412
{
   #TRANS 1930 {} -2964.00
   #TRANS 1799 {} 2964.00
}
#VER A 23 20210125 46738045445 20210901
{
   #TRANS 1930 {} 12000.00
   #TRANS 3911 {} -12000.00
}
#VER A 24 20210125 DPP00L 20210901
{
   #TRANS 1930 {} 185000.00
   #TRANS 3020 {} -185000.00
}
#VER A 25 20210126 Oob 20210412
{
   #TRANS 1930 {} -38.00
   #TRANS 1799 {} 38.00
}
#VER A 26 20210126 Biltema 20210412
{
   #TRANS 1930 {} -24.90
   #TRANS 1799 {} 24.90
}
#VER A 27 20210127 Biltema 20210412
{
   #TRANS 1930 {} -1149.00
   #TRANS 1799 {} 1149.00
}
#VER A 28 20210128 53640166280 20210412
{
   #TRANS 1930 {} -50000.00
   #TRANS 1799 {} 50000.00
}
#VER A 29 20210129 Banktjänster 20211011
{
   #TRANS 1930 {} -148.00
   #TRANS 6570 {} 148.00
}
#VER A 30 20210129 Ingo 20210412
{
   #TRANS 1930 {} -348.89
   #TRANS 1799 {} 348.89
}
#VER A 31 20210129 Tanka 20210412
{
   #TRANS 1930 {} -469.88
   #TRANS 1799 {} 469.88
}
#VER A 32 20210201 St1 20210412
{
   #TRANS 1930 {} -770.96
   #TRANS 1799 {} 770.96
}
#VER A 33 20210201 Dpp00l 20210901
{
   #TRANS 1930 {} -185000.00
   #TRANS 4020 {} 185000.00
}
#VER A 34 20210201 Move 20210901
{
   #TRANS 1930 {} -12500.00
   #TRANS 5010 {} 12500.00
}
#VER A 35 20210201 Homerental 20210412
{
   #TRANS 1930 {} -11600.00
   #TRANS 1799 {} 11600.00
}
#VER A 36 20210201 Hertz 20210412
{
   #TRANS 1930 {} -855.00
   #TRANS 1799 {} 855.00
}
#VER A 37 20210202 Aut15:07 20210624
{
   #TRANS 1930 {} -500.00
   #TRANS 2893 {} 500.00
}
#VER A 38 20210208 Parkering 20210412
{
   #TRANS 1930 {} -7.00
   #TRANS 1799 {} 7.00
}
#VER A 39 20210209 Tele2 20210412
{
   #TRANS 1930 {} -701.00
   #TRANS 1799 {} 701.00
}
#VER A 40 20210209 Aut15:49 20210624
{
   #TRANS 1930 {} 20000.00
   #TRANS 2893 {} -20000.00
}
#VER A 41 20210209 Inet 20210412
{
   #TRANS 1930 {} -17789.00
   #TRANS 1799 {} 17789.00
}
#VER A 42 20210209 Tim 20210901
{
   #TRANS 1930 {} 20000.00
   #TRANS 2893 {} -20000.00
}
#VER A 43 20210210 Okq8 20210412
{
   #TRANS 1930 {} -201.29
   #TRANS 1799 {} 201.29
}
#VER A 44 20210210 Netonnet 20210412
{
   #TRANS 1930 {} -199.00
   #TRANS 1799 {} 199.00
}
#VER A 45 20210210 Nets 20210412
{
   #TRANS 1930 {} -1300.00
   #TRANS 1799 {} 1300.00
}
#VER A 46 20210215 Okq8 20210412
{
   #TRANS 1930 {} -200.43
   #TRANS 1799 {} 200.43
}
#VER A 47 20210216 Privat 20210901
{
   #TRANS 1930 {} 55000.00
   #TRANS 2893 {} -55000.00
}
#VER A 48 20210217 Homerental 20210412
{
   #TRANS 1930 {} -28929.00
   #TRANS 1799 {} 28929.00
}
#VER A 49 20210217 Okq8 20210412
{
   #TRANS 1930 {} -100.03
   #TRANS 1799 {} 100.03
}
#VER A 50 20210218 Fordonsskatt 20210717
{
   #TRANS 1930 {} -65.00
   #TRANS 5612 {} 65.00
}
#VER A 51 20210218 Fordonsskatt 20210717
{
   #TRANS 1930 {} -65.00
   #TRANS 5612 {} 65.00
}
#VER A 52 20210218 Fordonsskatt 20210412
{
   #TRANS 1930 {} -65.00
   #TRANS 1799 {} 65.00
}
#VER A 53 20210218 Fordonsskatt 20210412
{
   #TRANS 1930 {} -65.00
   #TRANS 1799 {} 65.00
}
#VER A 54 20210218 Fordonsskatt 20210412
{
   #TRANS 1930 {} -65.00
   #TRANS 1799 {} 65.00
}
#VER A 55 20210218 Fordonsskatt 20210412
{
   #TRANS 1930 {} -65.00
   #TRANS 1799 {} 65.00
}
#VER A 56 20210218 Vattenfall 20210412
{
   #TRANS 1930 {} -4579.40
   #TRANS 1799 {} 4579.40
}
#VER A 57 20210222 Voi 20210412
{
   #TRANS 1930 {} -46.00
   #TRANS 1799 {} 46.00
}
#VER A 58 20210222 St1 20210412
{
   #TRANS 1930 {} -2324.00
   #TRANS 1799 {} 2324.00
}
#VER A 59 20210222 Circle 20210412
{
   #TRANS 1930 {} -100.59
   #TRANS 1799 {} 100.59
}
#VER A 60 20210222 Voi 20210412
{
   #TRANS 1930 {} -25.00
   #TRANS 1799 {} 25.00
}
#VER A 61 20210222 Voi 20210412
{
   #TRANS 1930 {} -37.00
   #TRANS 1799 {} 37.00
}
#VER A 62 20210222 Tiptapp 20210412
{
   #TRANS 1930 {} -719.00
   #TRANS 1799 {} 719.00
}
#VER A 63 20210223 Tele2 20210412
{
   #TRANS 1930 {} -646.00
   #TRANS 1799 {} 646.00
}
#VER A 64 20210223 Autodoc 20210412
{
   #TRANS 1930 {} -688.74
   #TRANS 1799 {} 688.74
}
#VER A 65 20210225 46738045445 20210901
{
   #TRANS 1930 {} 12000.00
   #TRANS 3911 {} -12000.00
}
#VER A 66 20210225 Klarna 20210901
{
   #TRANS 1930 {} -277.75
   #TRANS 1680 {} 277.75
}
#VER A 67 20210226 Aut16:31 20210624
{
   #TRANS 1930 {} -500.00
   #TRANS 2893 {} 500.00
}
#VER A 68 20210226 Parkering 20210412
{
   #TRANS 1930 {} -200.00
   #TRANS 1799 {} 200.00
}
#VER A 69 20210226 Bilprovninge/21-02-25 20210412
{
   #TRANS 1930 {} -539.00
   #TRANS 1799 {} 539.00
}
#VER A 70 20210301 Fordonsskatt 20211011
{
   #TRANS 1930 {} -65.00
   #TRANS 5616 {} 65.00
}
#VER A 71 20210301 Fordonsskatt 20210412
{
   #TRANS 1930 {} -65.00
   #TRANS 1799 {} 65.00
}
#VER A 72 20210301 Autoconcept 20210412
{
   #TRANS 1930 {} -4092.00
   #TRANS 1799 {} 4092.00
}
#VER A 73 20210302 53640166280 20210412
{
   #TRANS 1930 {} -1000.00
   #TRANS 1799 {} 1000.00
}
#VER A 74 20210303 Banktjänster 20211011
{
   #TRANS 1930 {} -154.50
   #TRANS 6570 {} 154.50
}
#VER A 75 20210308 Move 20210901
{
   #TRANS 1930 {} -12500.00
   #TRANS 5010 {} 12500.00
}
#VER A 76 20210308 Fordonsskatt 20210412
{
   #TRANS 1930 {} -115.00
   #TRANS 1799 {} 115.00
}
#VER A 77 20210308 Fordonsskatt 20210412
{
   #TRANS 1930 {} -115.00
   #TRANS 1799 {} 115.00
}
#VER A 78 20210308 Fordonsskatt 20210412
{
   #TRANS 1930 {} -115.00
   #TRANS 1799 {} 115.00
}
#VER A 79 20210308 Fordonsskatt 20210412
{
   #TRANS 1930 {} -115.00
   #TRANS 1799 {} 115.00
}
#VER A 80 20210308 Fordonsskatt 20210412
{
   #TRANS 1930 {} -115.00
   #TRANS 1799 {} 115.00
}
#VER A 81 20210308 Fordonsskatt 20210412
{
   #TRANS 1930 {} -115.00
   #TRANS 1799 {} 115.00
}
#VER A 82 20210308 Homerental 20210412
{
   #TRANS 1930 {} -11600.00
   #TRANS 1799 {} 11600.00
}
#VER A 83 20210310 Stjarnans 20210412
{
   #TRANS 1930 {} -2000.00
   #TRANS 1799 {} 2000.00
}
#VER A 84 20210315 Ingo 20210412
{
   #TRANS 1930 {} -100.14
   #TRANS 1799 {} 100.14
}
#VER A 85 20210315 Bilprovninge/21-03-12 20210412
{
   #TRANS 1930 {} -219.00
   #TRANS 1799 {} 219.00
}
#VER A 86 20210317 Autodoc 20210412
{
   #TRANS 1930 {} -857.72
   #TRANS 1799 {} 857.72
}
#VER A 87 20210318 Svea 20210412
{
   #TRANS 1930 {} -2560.00
   #TRANS 1799 {} 2560.00
}
#VER A 88 20210318 Vattenfall 20210412
{
   #TRANS 1930 {} -3148.40
   #TRANS 1799 {} 3148.40
}
#VER A 89 20210318 Com 20210412
{
   #TRANS 1930 {} -225.00
   #TRANS 1799 {} 225.00
}
#VER A 90 20210318 One.com 20210412
{
   #TRANS 1930 {} -858.75
   #TRANS 1799 {} 858.75
}
#VER A 91 20210318 Nets 20210412
{
   #TRANS 1930 {} -2030.00
   #TRANS 1799 {} 2030.00
}
#VER A 92 20210319 Nets 20210412
{
   #TRANS 1930 {} -875.00
   #TRANS 1799 {} 875.00
}
#VER A 93 20210319 Voi 20210412
{
   #TRANS 1930 {} -22.50
   #TRANS 1799 {} 22.50
}
#VER A 94 20210319 Voi 20210412
{
   #TRANS 1930 {} -250.00
   #TRANS 1799 {} 250.00
}
#VER A 95 20210322 Klarna 20210901
{
   #TRANS 1930 {} 277.75
   #TRANS 1680 {} -277.75
}
#VER A 96 20210322 St1 20210412
{
   #TRANS 1930 {} -964.00
   #TRANS 1799 {} 964.00
}
#VER A 97 20210322 Voi 20210412
{
   #TRANS 1930 {} -54.90
   #TRANS 1799 {} 54.90
}
#VER A 98 20210325 46738045445 20210901
{
   #TRANS 1930 {} 12000.00
   #TRANS 3911 {} -12000.00
}
#VER A 99 20210325 Okq8 20210412
{
   #TRANS 1930 {} -301.36
   #TRANS 1799 {} 301.36
}
#VER A 100 20210325 Okq8 20210412
{
   #TRANS 1930 {} -300.06
   #TRANS 1799 {} 300.06
}
#VER A 101 20210325 Okq8 20210412
{
   #TRANS 1930 {} -200.69
   #TRANS 1799 {} 200.69
}
#VER A 102 20210326 Ulr404 20210901
{
   #TRANS 1930 {} 105000.00
   #TRANS 3020 {} -105000.00
   #TRANS 1465 {} -73000.00
   #TRANS 4020 {} 73000.00
   #TRANS 3028 {} 32000.00
   #TRANS 2611 {} -6400.00
   #TRANS 3030 {} -25600.00
}
#VER A 103 20210326 Stjarnans 20210412
{
   #TRANS 1930 {} -600.00
   #TRANS 1799 {} 600.00
}
#VER A 104 20210326 Mekonomen 20210412
{
   #TRANS 1930 {} -726.61
   #TRANS 1799 {} 726.61
}
#VER A 105 20210329 Okq8 20210412
{
   #TRANS 1930 {} -200.08
   #TRANS 1799 {} 200.08
}
#VER A 106 20210329 Sf 20210412
{
   #TRANS 1930 {} -12805.00
   #TRANS 1799 {} 12805.00
}
#VER A 107 20210331 Banktjänster 20211011
{
   #TRANS 1930 {} -142.50
   #TRANS 6570 {} 142.50
}
#VER A 108 20210331 Preem 20210412
{
   #TRANS 1930 {} -200.12
   #TRANS 1799 {} 200.12
}
#VER A 109 20210331 Ränta 20210412
{
   #TRANS 1930 {} -4290.72
   #TRANS 1799 {} 4290.72
}
#VER A 110 20210406 Ica 20210412
{
   #TRANS 1930 {} -84.90
   #TRANS 1799 {} 84.90
}
#VER A 111 20210406 Ahlin 20210412
{
   #TRANS 1930 {} -1250.00
   #TRANS 1799 {} 1250.00
}
#VER A 112 20210406 Move 20210901
{
   #TRANS 1930 {} -12500.00
   #TRANS 5010 {} 12500.00
}
#VER A 113 20210406 Skill 20210412
{
   #TRANS 1930 {} -800.00
   #TRANS 1799 {} 800.00
}
#VER A 114 20210406 Homerental 20210412
{
   #TRANS 1930 {} -10000.00
   #TRANS 1799 {} 10000.00
}
#VER A 115 20210406 Homerental 20210412
{
   #TRANS 1930 {} -11600.00
   #TRANS 1799 {} 11600.00
}
#VER A 116 20210406 Bisnode 20210412
{
   #TRANS 1930 {} -238.00
   #TRANS 1799 {} 238.00
}
#VER A 117 20210406 Sf 20210412
{
   #TRANS 1930 {} -12745.00
   #TRANS 1799 {} 12745.00
}
#VER A 118 20210406 Autoconcept 20210412
{
   #TRANS 1930 {} -1780.00
   #TRANS 1799 {} 1780.00
}
#VER A 119 20210406 M.g 20210412
{
   #TRANS 1930 {} -6000.00
   #TRANS 1799 {} 6000.00
}
#VER A 120 20210406 Tele2 20210412
{
   #TRANS 1930 {} -707.00
   #TRANS 1799 {} 707.00
}
#VER A 121 20210406 Airbnb 20210901
{
   #TRANS 1930 {} 4800.00
   #TRANS 2621 {} -514.29
   #TRANS 3042 {} -4285.71
}
#VER A 122 20210407 Trängselskatt 20210412
{
   #TRANS 1930 {} -511.00
   #TRANS 1799 {} 511.00
}
#VER A 123 20210407 Trängselskatt 20210412
{
   #TRANS 1930 {} -621.00
   #TRANS 1799 {} 621.00
}
#VER A 124 20210407 Trängselskatt 20210412
{
   #TRANS 1930 {} -764.00
   #TRANS 1799 {} 764.00
}
#VER A 125 20210407 Fordonsskatt 20210412
{
   #TRANS 1930 {} -65.00
   #TRANS 1799 {} 65.00
}
#VER A 126 20210407 Felparkeringsavgift 20210412
{
   #TRANS 1930 {} -900.00
   #TRANS 1799 {} 900.00
}
#VER A 127 20210407 Felparkeringsavgift 20210412
{
   #TRANS 1930 {} -1100.00
   #TRANS 1799 {} 1100.00
}
#VER A 128 20210407 Svea 20210412
{
   #TRANS 1930 {} -1166.00
   #TRANS 1799 {} 1166.00
}
#VER A 129 20210409 Turbo 20211011
{
   #TRANS 1930 {} -1800.00
   #TRANS 1680 {} 1800.00
}
#VER A 130 20210415 Okq8 20210901
{
   #TRANS 1930 {} -100.13
   #TRANS 1799 {} 100.13
}
#VER A 131 20210419 Clas 20210901
{
   #TRANS 1930 {} -99.90
   #TRANS 1799 {} 99.90
}
#VER A 132 20210420 Hallunda 20210901
{
   #TRANS 1930 {} -1200.00
   #TRANS 1799 {} 1200.00
}
#VER A 133 20210420 Preem 20210901
{
   #TRANS 1930 {} -200.23
   #TRANS 1799 {} 200.23
}
#VER A 134 20210421 Svea 20210901
{
   #TRANS 1930 {} -3470.00
   #TRANS 1799 {} 3470.00
}
#VER A 135 20210421 Skatteverket 20211011
{
   #TRANS 1930 {} -10000.00
   #TRANS 1630 {} 10000.00
}
#VER A 136 20210421 Fordonsskatt 20210901
{
   #TRANS 1930 {} -1354.00
   #TRANS 1799 {} 1354.00
}
#VER A 137 20210421 Vattenfall 20210901
{
   #TRANS 1930 {} -1773.69
   #TRANS 1799 {} 1773.69
}
#VER A 138 20210421 Afterpay 20210901
{
   #TRANS 1930 {} -34.95
   #TRANS 1799 {} 34.95
}
#VER A 139 20210421 St1 20210901
{
   #TRANS 1930 {} -1695.00
   #TRANS 1799 {} 1695.00
}
#VER A 140 20210421 Okq8 20210901
{
   #TRANS 1930 {} -100.01
   #TRANS 1799 {} 100.01
}
#VER A 141 20210426 Bg 20211011
{
   #TRANS 1930 {} 1800.00
   #TRANS 1680 {} -1800.00
}
#VER A 142 20210427 Felparkeringsavgift 20210901
{
   #TRANS 1930 {} -900.00
   #TRANS 1799 {} 900.00
}
#VER A 143 20210428 Indian 20210901
{
   #TRANS 1930 {} -111.00
   #TRANS 1799 {} 111.00
}
#VER A 144 20210429 Banktj+¤nster 20211011
{
   #TRANS 1930 {} -145.50
   #TRANS 6570 {} 145.50
}
#VER A 145 20210430 Homerental 20210901
{
   #TRANS 1930 {} -10000.00
   #TRANS 1799 {} 10000.00
}
#VER A 146 20210430 Homerental 20210901
{
   #TRANS 1930 {} -11600.00
   #TRANS 1799 {} 11600.00
}
#VER A 147 20210430 Bisnode 20210901
{
   #TRANS 1930 {} -240.00
   #TRANS 1799 {} 240.00
}
#VER A 148 20210503 Restaurang 20210901
{
   #TRANS 1930 {} -105.00
   #TRANS 1799 {} 105.00
}
#VER A 149 20210503 Tr+¤ngselskatt 20210901
{
   #TRANS 1930 {} -598.00
   #TRANS 1799 {} 598.00
}
#VER A 150 20210503 Tr+¤ngselskatt 20210901
{
   #TRANS 1930 {} -1002.00
   #TRANS 1799 {} 1002.00
}
#VER A 151 20210503 Tele2 20210901
{
   #TRANS 1930 {} -244.00
   #TRANS 1799 {} 244.00
}
#VER A 152 20210503 Trafikkontoret 20210901
{
   #TRANS 1930 {} -1400.00
   #TRANS 1799 {} 1400.00
}
#VER A 153 20210503 "CRONSTEDT CLAES" 20211011
{
   #TRANS 1930 {} 1600.00
   #TRANS 1910 {} -1600.00
}
#VER A 154 20210506 Sf 20210901
{
   #TRANS 1930 {} -12805.00
   #TRANS 1799 {} 12805.00
}
#VER A 155 20210506 Move 20210901
{
   #TRANS 1930 {} -12500.00
   #TRANS 1799 {} 12500.00
}
#VER A 156 20210507 53640166280 20210901
{
   #TRANS 1930 {} -5000.00
   #TRANS 1799 {} 5000.00
}
#VER A 157 20210512 Okq8 20210901
{
   #TRANS 1930 {} -200.09
   #TRANS 1799 {} 200.09
}
#VER A 158 20210517 Privatins+¤tt 20210901
{
   #TRANS 1930 {} 18000.00
   #TRANS 2893 {} -18000.00
}
#VER A 159 20210518 Vattenfall 20210901
{
   #TRANS 1930 {} -1541.97
   #TRANS 1799 {} 1541.97
}
#VER A 160 20210518 Tele2 20210901
{
   #TRANS 1930 {} -244.00
   #TRANS 1799 {} 244.00
}
#VER A 161 20210518 Tele2 20210901
{
   #TRANS 1930 {} -709.00
   #TRANS 1799 {} 709.00
}
#VER A 162 20210518 Biltema 20210901
{
   #TRANS 1930 {} -44.90
   #TRANS 1799 {} 44.90
}
#VER A 163 20210518 R 20210901
{
   #TRANS 1930 {} -400.00
   #TRANS 1799 {} 400.00
}
#VER A 164 20210519 025622035000 20210901
{
   #TRANS 1930 {} 0.50
   #TRANS 3740 {} -0.50
}
#VER A 165 20210524 St1 20210901
{
   #TRANS 1930 {} -1717.00
   #TRANS 1799 {} 1717.00
}
#VER A 166 20210524 "LN'S HYGIEN TEAM AB" 20211011
{
   #TRANS 1930 {} 10000.00
   #TRANS 1910 {} -10000.00
}
#VER A 167 20210524 Klarna 20210901
{
   #TRANS 1930 {} -277.75
   #TRANS 1799 {} 277.75
}
#VER A 168 20210525 Collectia 20210901
{
   #TRANS 1930 {} -289.90
   #TRANS 1799 {} 289.90
}
#VER A 169 20210525 Intrum 20210901
{
   #TRANS 1930 {} -186.00
   #TRANS 1799 {} 186.00
}
#VER A 170 20210525 Fordonsskatt 20210901
{
   #TRANS 1930 {} -65.00
   #TRANS 1799 {} 65.00
}
#VER A 171 20210525 Svea 20210901
{
   #TRANS 1930 {} -5327.00
   #TRANS 1799 {} 5327.00
}
#VER A 172 20210526 "LN'S HYGIEN TEAM AB" 20211011
{
   #TRANS 1930 {} 27300.00
   #TRANS 1910 {} -27300.00
}
#VER A 173 20210527 Svea 20210901
{
   #TRANS 1930 {} -1162.00
   #TRANS 1799 {} 1162.00
}
#VER A 174 20210531 Homerental 20210901
{
   #TRANS 1930 {} -10000.00
   #TRANS 1799 {} 10000.00
}
#VER A 175 20210531 Homerental 20210901
{
   #TRANS 1930 {} -11600.00
   #TRANS 1799 {} 11600.00
}
#VER A 176 20210531 Jarn 20210901
{
   #TRANS 1930 {} -74.90
   #TRANS 1799 {} 74.90
}
#VER A 177 20210531 Jarn 20210901
{
   #TRANS 1930 {} -45.00
   #TRANS 1799 {} 45.00
}
#VER A 178 20210601 Banktj+¤nster 20211011
{
   #TRANS 1930 {} -146.00
   #TRANS 6570 {} 146.00
}
#VER A 179 20210601 Klarna 20210901
{
   #TRANS 1930 {} -529.00
   #TRANS 1799 {} 529.00
}
#VER A 180 20210602 Move 20210901
{
   #TRANS 1930 {} -12500.00
   #TRANS 1799 {} 12500.00
}
#VER A 181 20210602 Trafikkontoret 20210901
{
   #TRANS 1930 {} -844.00
   #TRANS 1799 {} 844.00
}
#VER A 182 20210602 9131823719 20210901
{
   #TRANS 1930 {} 20000.00
   #TRANS 2893 {} -20000.00
}
#VER A 183 20210602 Biltema 20210901
{
   #TRANS 1930 {} -399.00
   #TRANS 1799 {} 399.00
}
#VER A 184 20210602 Ad 20210901
{
   #TRANS 1930 {} -106.00
   #TRANS 1799 {} 106.00
}
#VER A 185 20210603 Rusta 20210901
{
   #TRANS 1930 {} -397.90
   #TRANS 1799 {} 397.90
}
#VER A 186 20210607 Biltema 20210901
{
   #TRANS 1930 {} -799.00
   #TRANS 1799 {} 799.00
}
#VER A 187 20210607 Voi 20210901
{
   #TRANS 1930 {} -22.00
   #TRANS 1799 {} 22.00
}
#VER A 188 20210608 Besikta 20210901
{
   #TRANS 1930 {} -319.00
   #TRANS 1799 {} 319.00
}
#VER A 189 20210609 Biltema 20210901
{
   #TRANS 1930 {} -399.00
   #TRANS 1799 {} 399.00
}
#VER A 190 20210609 Voi 20210901
{
   #TRANS 1930 {} -30.00
   #TRANS 1799 {} 30.00
}
#VER A 191 20210610 Tele2 20210901
{
   #TRANS 1930 {} -781.00
   #TRANS 1799 {} 781.00
}
#VER A 192 20210610 "LN'S HYGIEN TEAM AB" 20211011
{
   #TRANS 1930 {} 2500.00
   #TRANS 1910 {} -2500.00
}
#VER A 193 20210610 Carspect 20210901
{
   #TRANS 1930 {} -299.00
   #TRANS 1799 {} 299.00
}
#VER A 194 20210611 Voi 20210901
{
   #TRANS 1930 {} -22.50
   #TRANS 1799 {} 22.50
}
#VER A 195 20210611 Okq8 20210901
{
   #TRANS 1930 {} -200.23
   #TRANS 1799 {} 200.23
}
#VER A 196 20210611 Rusta 20210901
{
   #TRANS 1930 {} -99.80
   #TRANS 1799 {} 99.80
}
#VER A 197 20210614 Voi 20210901
{
   #TRANS 1930 {} -25.00
   #TRANS 1799 {} 25.00
}
#VER A 198 20210615 Sf 20210901
{
   #TRANS 1930 {} -12805.00
   #TRANS 1799 {} 12805.00
}
#VER A 199 20210617 Vattenfall 20210901
{
   #TRANS 1930 {} -1409.56
   #TRANS 1799 {} 1409.56
}
#VER A 200 20210617 Tele2 20210901
{
   #TRANS 1930 {} -956.00
   #TRANS 1799 {} 956.00
}
#VER A 201 20210617 Blocket 20210901
{
   #TRANS 1930 {} -2500.00
   #TRANS 1799 {} 2500.00
}
#VER A 202 20210617 Okq8 20210901
{
   #TRANS 1930 {} -297.77
   #TRANS 1799 {} 297.77
}
#VER A 203 20210618 Voi 20210901
{
   #TRANS 1930 {} -45.00
   #TRANS 1799 {} 45.00
}
#VER A 204 20210621 Tim 20210901
{
   #TRANS 1930 {} 30000.00
   #TRANS 2893 {} -30000.00
}
#VER A 205 20210621 Voi 20210901
{
   #TRANS 1930 {} -38.25
   #TRANS 1799 {} 38.25
}
#VER A 206 20210621 Voi 20210901
{
   #TRANS 1930 {} -29.25
   #TRANS 1799 {} 29.25
}
#VER A 207 20210621 St1 20210901
{
   #TRANS 1930 {} -2079.00
   #TRANS 1799 {} 2079.00
}
#VER A 208 20210621 Voi 20210901
{
   #TRANS 1930 {} -54.90
   #TRANS 1799 {} 54.90
}
#VER A 209 20210621 Voi 20210901
{
   #TRANS 1930 {} -27.90
   #TRANS 1799 {} 27.90
}
#VER A 210 20210621 Voi 20210901
{
   #TRANS 1930 {} -125.10
   #TRANS 1799 {} 125.10
}
#VER A 211 20210622 Tr+¤ngselskatt 20210901
{
   #TRANS 1930 {} -604.00
   #TRANS 1799 {} 604.00
}
#VER A 212 20210622 Trygg 20210901
{
   #TRANS 1930 {} -1096.00
   #TRANS 1799 {} 1096.00
}
#VER A 213 20210622 Fordonsskatt 20210901
{
   #TRANS 1930 {} -65.00
   #TRANS 1799 {} 65.00
}
#VER A 214 20210622 Fordonsskatt 20210901
{
   #TRANS 1930 {} -65.00
   #TRANS 1799 {} 65.00
}
#VER A 215 20210622 Fordonsskatt 20210901
{
   #TRANS 1930 {} -425.00
   #TRANS 1799 {} 425.00
}
#VER A 216 20210622 Felparkeringsavgift 20210901
{
   #TRANS 1930 {} -900.00
   #TRANS 1799 {} 900.00
}
#VER A 217 20210622 Felparkeringsavgift 20210901
{
   #TRANS 1930 {} -1100.00
   #TRANS 1799 {} 1100.00
}
#VER A 218 20210622 Trafikkontoret 20210901
{
   #TRANS 1930 {} -1100.00
   #TRANS 1799 {} 1100.00
}
#VER A 219 20210623 "Ebc623 (sålt en privatbil och lånat in till bolaget)" 20210901
{
   #TRANS 1930 {} 520000.00
   #TRANS 2893 {} -520000.00
}
#VER A 220 20210623 Voi 20210901
{
   #TRANS 1930 {} -47.25
   #TRANS 1799 {} 47.25
}
#VER A 221 20210628 Mekonomen 20210901
{
   #TRANS 1930 {} -1473.51
   #TRANS 1799 {} 1473.51
}
#VER A 222 20210628 Svea 20210901
{
   #TRANS 1930 {} -10362.00
   #TRANS 1799 {} 10362.00
}
#VER A 223 20210628 Voi 20210901
{
   #TRANS 1930 {} -92.70
   #TRANS 1799 {} 92.70
}
#VER A 224 20210628 Voi 20210901
{
   #TRANS 1930 {} -57.60
   #TRANS 1799 {} 57.60
}
#VER A 225 20210628 Voi 20210901
{
   #TRANS 1930 {} -49.50
   #TRANS 1799 {} 49.50
}
#VER A 226 20210628 Lidl 20210901
{
   #TRANS 1930 {} -49.80
   #TRANS 1799 {} 49.80
}
#VER A 227 20210630 029372968000 20210901
{
   #TRANS 1930 {} 0.50
   #TRANS 3740 {} -0.50
}
#VER A 228 20210630 Banktj+¤nster 20211011
{
   #TRANS 1930 {} -155.00
   #TRANS 6570 {} 155.00
}
#VER A 229 20210630 Voi 20210901
{
   #TRANS 1930 {} -36.00
   #TRANS 1799 {} 36.00
}
#VER A 230 20210630 Ica 20210901
{
   #TRANS 1930 {} -156.00
   #TRANS 1799 {} 156.00
}
#VER A 231 20210630 R+¤nta 20210901
{
   #TRANS 1930 {} -3704.76
   #TRANS 1799 {} 3704.76
}
#VER A 232 20210701 Bisnode 20210901
{
   #TRANS 1930 {} -240.00
   #TRANS 1799 {} 240.00
}
#VER A 233 20210701 Klarna 20210901
{
   #TRANS 1930 {} -647.75
   #TRANS 1799 {} 647.75
}
#VER A 234 20210701 Ad 20210901
{
   #TRANS 1930 {} -444.00
   #TRANS 1799 {} 444.00
}
#VER A 235 20210702 Voi 20210901
{
   #TRANS 1930 {} -18.00
   #TRANS 1799 {} 18.00
}
#VER A 236 20210705 Voi 20210901
{
   #TRANS 1930 {} -13.50
   #TRANS 1799 {} 13.50
}
#VER A 237 20210705 Move 20210901
{
   #TRANS 1930 {} -12500.00
   #TRANS 1799 {} 12500.00
}
#VER A 238 20210705 Homerental 20210901
{
   #TRANS 1930 {} -10000.00
   #TRANS 1799 {} 10000.00
}
#VER A 239 20210705 Homerental 20210901
{
   #TRANS 1930 {} -11600.00
   #TRANS 1799 {} 11600.00
}
#VER A 240 20210705 52572988356 20210901
{
   #TRANS 1930 {} -87000.00
   #TRANS 1799 {} 87000.00
}
#VER A 241 20210706 Bilprovninge/21-07-05 20210901
{
   #TRANS 1930 {} -439.00
   #TRANS 1799 {} 439.00
}
#VER A 242 20210709 Biltema 20210901
{
   #TRANS 1930 {} -129.00
   #TRANS 1799 {} 129.00
}
#VER A 243 20210712 Jerusalem 20210901
{
   #TRANS 1930 {} -89.00
   #TRANS 1799 {} 89.00
}
#VER A 244 20210712 Gottexperten/21-07-10 20210901
{
   #TRANS 1930 {} -90.00
   #TRANS 1799 {} 90.00
}
#VER A 245 20210713 Rusta 20210901
{
   #TRANS 1930 {} -398.00
   #TRANS 1799 {} 398.00
}
#VER A 246 20210713 Kaferang 20210901
{
   #TRANS 1930 {} -168.00
   #TRANS 1799 {} 168.00
}
#VER A 247 20210716 Tr+¤ngselskatt 20210901
{
   #TRANS 1930 {} -558.00
   #TRANS 1799 {} 558.00
}
#VER A 248 20210716 Tr+¤ngselskatt 20210901
{
   #TRANS 1930 {} -959.00
   #TRANS 1799 {} 959.00
}
#VER A 249 20210716 Fordonsskatt 20210901
{
   #TRANS 1930 {} -1015.00
   #TRANS 1799 {} 1015.00
}
#VER A 250 20210716 Tele2 20210901
{
   #TRANS 1930 {} -655.00
   #TRANS 1799 {} 655.00
}
#VER A 251 20210716 Trafikkontoret 20210901
{
   #TRANS 1930 {} -1100.00
   #TRANS 1799 {} 1100.00
}
#VER A 252 20210716 Ica 20210901
{
   #TRANS 1930 {} -35.00
   #TRANS 1799 {} 35.00
}
#VER A 253 20210719 Maxi 20210901
{
   #TRANS 1930 {} -76.90
   #TRANS 1799 {} 76.90
}
#VER A 254 20210719 7-eleven 20210901
{
   #TRANS 1930 {} -25.00
   #TRANS 1799 {} 25.00
}
#VER A 255 20210719 Centrumbutik/21-07-17 20210901
{
   #TRANS 1930 {} -50.00
   #TRANS 1799 {} 50.00
}
#VER A 256 20210719 Parkering 20210901
{
   #TRANS 1930 {} -50.00
   #TRANS 1799 {} 50.00
}
#VER A 257 20210719 Quality 20210901
{
   #TRANS 1930 {} -980.00
   #TRANS 1799 {} 980.00
}
#VER A 258 20210721 St1 20210901
{
   #TRANS 1930 {} -2823.00
   #TRANS 1799 {} 2823.00
}
#VER A 259 20210721 W&d 20210901
{
   #TRANS 1930 {} -100.00
   #TRANS 1799 {} 100.00
}
#VER A 260 20210722 ï+½terbet. 20211011
{
   #TRANS 1930 {} 3680.00
   #TRANS 2611 {} -736.00
   #TRANS 5460 {} -2944.00
}
#VER A 261 20210723 Ikea-kungens/21-07-22 20210901
{
   #TRANS 1930 {} -1320.00
   #TRANS 1799 {} 1320.00
}
#VER A 262 20210728 Skatteverket 20211011
{
   #TRANS 1930 {} -61000.00
   #TRANS 1630 {} 61000.00
}
#VER A 263 20210728 Bisnode 20210901
{
   #TRANS 1930 {} -240.00
   #TRANS 1799 {} 240.00
}
#VER A 264 20210729 Banktj+¤nster 20211011
{
   #TRANS 1930 {} -152.00
   #TRANS 6570 {} 152.00
}
#VER A 265 20210730 030968346000 20210901
{
   #TRANS 1930 {} 1655.66
   #TRANS 2621 {} -177.32
   #TRANS 3042 {} -1478.34
}
#VER A 266 20210730 Clas 20210901
{
   #TRANS 1930 {} -136.90
   #TRANS 1799 {} 136.90
}
#VER A 267 20210730 Ica 20210901
{
   #TRANS 1930 {} -40.00
   #TRANS 1799 {} 40.00
}
#VER A 268 20210802 Move 20210901
{
   #TRANS 1930 {} -12500.00
   #TRANS 1799 {} 12500.00
}
#VER A 269 20210802 Mercedes-benz 20210901
{
   #TRANS 1930 {} -152306.00
   #TRANS 1799 {} 152306.00
}
#VER A 270 20210802 Homerental 20210901
{
   #TRANS 1930 {} -10000.00
   #TRANS 1799 {} 10000.00
}
#VER A 271 20210802 Homerental 20210901
{
   #TRANS 1930 {} -14800.00
   #TRANS 1799 {} 14800.00
}
#VER A 272 20210803 031063107000 20210901
{
   #TRANS 1930 {} 7297.59
   #TRANS 2621 {} -781.57
   #TRANS 3042 {} -6516.02
}
#VER A 273 20210805 If 20210901
{
   #TRANS 1930 {} -95.00
   #TRANS 1799 {} 95.00
}
#VER A 274 20210806 031244152000 20210901
{
   #TRANS 1930 {} 3003.00
   #TRANS 2642 {} -321.62
   #TRANS 3042 {} -2681.38
}
#VER A 275 20210809 Santa 20210901
{
   #TRANS 1930 {} -531.99
   #TRANS 1799 {} 531.99
}
#VER A 276 20210809 If 20210901
{
   #TRANS 1930 {} -595.00
   #TRANS 1799 {} 595.00
}
#VER A 277 20210809 Preem 20210901
{
   #TRANS 1930 {} -827.33
   #TRANS 1799 {} 827.33
}
#VER A 278 20210810 031355352000 20210901
{
   #TRANS 1930 {} 2146.37
   #TRANS 2621 {} -229.88
   #TRANS 3042 {} -1916.49
}
#VER A 279 20210810 031416131000 20210901
{
   #TRANS 1930 {} 3753.75
   #TRANS 2621 {} -402.03
   #TRANS 3042 {} -3351.72
}
#VER A 280 20210811 Tr+¤ngselskatt 20210901
{
   #TRANS 1930 {} -946.00
   #TRANS 1799 {} 946.00
}
#VER A 281 20210811 Felparkeringsavgift 20210901
{
   #TRANS 1930 {} -900.00
   #TRANS 1799 {} 900.00
}
#VER A 282 20210811 Felparkeringsavgift 20210901
{
   #TRANS 1930 {} -900.00
   #TRANS 1799 {} 900.00
}
#VER A 283 20210811 Vattenfall 20210901
{
   #TRANS 1930 {} -1345.84
   #TRANS 1799 {} 1345.84
}
#VER A 284 20210811 031458576000 20210901
{
   #TRANS 1930 {} 3378.34
   #TRANS 2621 {} -361.82
   #TRANS 3042 {} -3016.52
}
#VER A 285 20210811 Autodoc 20210901
{
   #TRANS 1930 {} -325.80
   #TRANS 1799 {} 325.80
}
#VER A 286 20210812 Tele2 20210901
{
   #TRANS 1930 {} -571.00
   #TRANS 1799 {} 571.00
}
#VER A 287 20210812 Filmstaden 20210901
{
   #TRANS 1930 {} -318.00
   #TRANS 1799 {} 318.00
}
#VER A 288 20210813 Slapvagnshus/21-08-12 20210901
{
   #TRANS 1930 {} -635.00
   #TRANS 1799 {} 635.00
}
#VER A 289 20210817 031782723000 20210901
{
   #TRANS 1930 {} 5715.31
   #TRANS 2621 {} -612.11
   #TRANS 3042 {} -5103.20
}
#VER A 290 20210817 F 20210901
{
   #TRANS 1930 {} -4000.00
   #TRANS 1799 {} 4000.00
}
#VER A 291 20210817 Bilia 20210901
{
   #TRANS 1930 {} -738.00
   #TRANS 1799 {} 738.00
}
#VER A 292 20210820 Tr+¤ngselskatt 20210901
{
   #TRANS 1930 {} -1050.00
   #TRANS 1799 {} 1050.00
}
#VER A 293 20210820 Fordonsskatt 20210901
{
   #TRANS 1930 {} -65.00
   #TRANS 1799 {} 65.00
}
#VER A 294 20210820 Fordonsskatt 20210901
{
   #TRANS 1930 {} -227.00
   #TRANS 1799 {} 227.00
}
#VER A 295 20210820 Trafikf+¶rs+¤kringsf+¶renin 20210901
{
   #TRANS 1930 {} -960.00
   #TRANS 1799 {} 960.00
}
#VER A 296 20210820 031935122000 20210901
{
   #TRANS 1930 {} 1909.60
   #TRANS 2621 {} -204.52
   #TRANS 3042 {} -1705.08
}
#VER A 297 20210820 Bauhaus 20211011
{
   #TRANS 1930 {} -319.00
   #TRANS 6570 {} 319.00
}
#VER A 298 20210823 St1 20210901
{
   #TRANS 1930 {} -4635.00
   #TRANS 1799 {} 4635.00
}
#VER A 299 20210823 031993787000 20210901
{
   #TRANS 1930 {} 3262.86
   #TRANS 2621 {} -349.45
   #TRANS 3042 {} -2913.41
}
#VER A 300 20210824 032108682000 20210901
{
   #TRANS 1930 {} 2926.03
   #TRANS 2621 {} -313.38
   #TRANS 3042 {} -2612.65
}
#VER A 301 20210826 032213527000 20210901
{
   #TRANS 1930 {} 4999.58
   #TRANS 2621 {} -535.46
   #TRANS 3042 {} -4464.12
}
#VER A 302 20210826 Besikta 20210901
{
   #TRANS 1930 {} -319.00
   #TRANS 1799 {} 319.00
}
#VER A 303 20210830 Biltema 20210901
{
   #TRANS 1930 {} -269.00
   #TRANS 1799 {} 269.00
}
#VER A 304 20210830 MOS795 20210901
{
   #TRANS 1930 {} 30000.00
   #TRANS 1910 {} -30000.00
}
#VER A 305 20210830 Tr+¤ngselskatt 20210901
{
   #TRANS 1930 {} -136.00
   #TRANS 1799 {} 136.00
}
#VER A 306 20210830 Fordonsskatt 20210901
{
   #TRANS 1930 {} -1419.00
   #TRANS 1799 {} 1419.00
}
#VER A 307 20210830 Stockholms 20210901
{
   #TRANS 1930 {} -1100.00
   #TRANS 1799 {} 1100.00
}
#VER A 308 20210830 Trafikkontoret 20210901
{
   #TRANS 1930 {} -1100.00
   #TRANS 1799 {} 1100.00
}
#VER A 309 20210831 032380501000 20210901
{
   #TRANS 1930 {} 6050.35
   #TRANS 2621 {} -647.99
   #TRANS 3042 {} -5402.36
}
#VER A 310 20210831 Besikta 20210901
{
   #TRANS 1930 {} -319.00
   #TRANS 1799 {} 319.00
}
#VER A 311 20210731 "SKV Avstämt per 210731" 20211011
{
   #TRANS 1630 {} -51.00
   #TRANS 6991 {} 51.00
   #TRANS 1630 {} -25744.00
   #TRANS 2350 {} 25744.00
   #TRANS 1630 {} -122.00
   #TRANS 8423 {} 122.00
   #TRANS 1630 {} -22.00
   #TRANS 8423 {} 22.00
   #TRANS 1630 {} -83.00
   #TRANS 6991 {} 83.00
   #TRANS 1630 {} -96432.00
   #TRANS 2511 {} 96432.00
   #TRANS 1630 {} -1420.00
   #TRANS 8423 {} 1420.00
   #TRANS 1630 {} -1215.00
   #TRANS 8423 {} 1215.00
   #TRANS 1630 {} 5217.00
   #TRANS 1650 {} -5217.00
   #TRANS 1630 {} 25744.00
   #TRANS 2350 {} -25744.00
   #TRANS 1630 {} 83.00
   #TRANS 8423 {} -83.00
   #TRANS 1630 {} 51.00
   #TRANS 8423 {} -51.00
   #TRANS 1630 {} 60180.00
   #TRANS 2350 {} -60180.00
   #TRANS 1630 {} 2592.00
   #TRANS 8423 {} -2592.00
   #TRANS 1630 {} -568.00
   #TRANS 8423 {} 568.00
   #TRANS 1630 {} -625.00
   #TRANS 6992 {} 625.00
   #TRANS 1630 {} -60180.00
   #TRANS 2350 {} 60180.00
   #TRANS 1630 {} 20936.00
   #TRANS 2350 {} -20936.00
   #TRANS 1630 {} -20936.00
   #TRANS 2350 {} 20936.00
}
#VER A 312 20210101 "Omf ?R" 20211011
{
   #TRANS 2099 {} -144169.51
   #TRANS 2091 {} 144169.51
}
