#FLAGGA 0
#FORMAT PC8
#SIETYP 4
#PROGRAM "Visma Administration 2000" 2020.3
#GEN 20211229 
#FNAMN "Petros AB"
#TAXAR 2022 
#VALUTA SEK#VER A 1 20220319 Mall of scan/17-12-30 20180102
{
   #TRANS 1930 {} -15.00
   #TRANS 1799 {} 15.00
}
#VER A 2 20220319 Ica supermar/18-01-02 20180103
{
   #TRANS 1930 {} -160.00
   #TRANS 1799 {} 160.00
}
#VER A 3 20220319 Circle k tyr/18-01-04 20180105
{
   #TRANS 1930 {} -100.07
   #TRANS 1799 {} 100.07
}
#VER A 4 20220319 Preem       /18-01-03 20180105
{
   #TRANS 1930 {} -799.00
   #TRANS 1799 {} 799.00
}
#VER A 5 20220319 Lidl 148 / t/18-01-05 20180108
{
   #TRANS 1930 {} -9.95
   #TRANS 1799 {} 9.95
}
#VER A 6 20220319 Zara mall of/18-01-07 20180108
{
   #TRANS 1930 {} -249.00
   #TRANS 1799 {} 249.00
}
#VER A 7 20220319 Netonnet    /18-01-06 20180108
{
   #TRANS 1930 {} -5889.00
   #TRANS 1799 {} 5889.00
}
#VER A 8 20220319 60003 skrubba fastighets 20180109
{
   #TRANS 1930 {} -12714.00
   #TRANS 1799 {} 12714.00
}
#VER A 9 20220319 Okq8        /18-01-09 20180110
{
   #TRANS 1930 {} -75.00
   #TRANS 1799 {} 75.00
}
#VER A 10 20220319 Circle k sko/18-01-09 20180110
{
   #TRANS 1930 {} -1013.60
   #TRANS 1799 {} 1013.60
}
#VER A 11 20220319 Sodertelje r/18-01-09 20180110
{
   #TRANS 1930 {} -166.00
   #TRANS 1799 {} 166.00
}
#VER A 12 20220319 Maxi ica sto/18-01-10 20180111
{
   #TRANS 1930 {} -220.80
   #TRANS 1799 {} 220.80
}
#VER A 13 20220319 Nykopings ko/18-01-11 20180112
{
   #TRANS 1930 {} -10.00
   #TRANS 1799 {} 10.00
}
#VER A 14 20220319 Nykopings ko/18-01-11 20180112
{
   #TRANS 1930 {} -20.00
   #TRANS 1799 {} 20.00
}
#VER A 15 20220319 Biltema swed/18-01-11 20180112
{
   #TRANS 1930 {} -99.90
   #TRANS 1799 {} 99.90
}
#VER A 16 20220319 Sollentuna b/18-01-11 20180112
{
   #TRANS 1930 {} -400.00
   #TRANS 1799 {} 400.00
}
#VER A 17 20220319 Subway tyres/18-01-12 20180115
{
   #TRANS 1930 {} -148.00
   #TRANS 1799 {} 148.00
}
#VER A 18 20220319 Inferno onli/18-01-14 20180115
{
   #TRANS 1930 {} -100.00
   #TRANS 1799 {} 100.00
}
#VER A 19 20220319 Trängselskatt transports 20180117
{
   #TRANS 1930 {} -500.00
   #TRANS 1630 {} 500.00
}
#VER A 20 20220319 Intrum justitia sverige 20180117
{
   #TRANS 1930 {} -1019.97
   #TRANS 1799 {} 1019.97
}
#VER A 21 20220319 Intrum justitia sverige 20180118
{
   #TRANS 1930 {} -955.00
   #TRANS 1799 {} 955.00
}
#VER A 22 20220319 Fordonsskatt transportst 20180118
{
   #TRANS 1930 {} -50.00
   #TRANS 1630 {} 50.00
}
#VER A 23 20220319 Fordonsskatt transportst 20180118
{
   #TRANS 1930 {} -50.00
   #TRANS 1630 {} 50.00
}
#VER A 24 20220319 Fordonsskatt transportst 20180118
{
   #TRANS 1930 {} -50.00
   #TRANS 1630 {} 50.00
}
#VER A 25 20220319 Fordonsskatt transportst 20180118
{
   #TRANS 1930 {} -1201.00
   #TRANS 1630 {} 1201.00
}
#VER A 26 20220319 Energikundservice sverig 20180118
{
   #TRANS 1930 {} -834.00
   #TRANS 1799 {} 834.00
}
#VER A 27 20220319 280187598839 20180118
{
   #TRANS 1930 {} -2373.09
   #TRANS 1799 {} 2373.09
}
#VER A 28 20220319 Kostnad 20180118
{
   #TRANS 1930 {} -50.00
   #TRANS 1799 {} 50.00
}
#VER A 29 20220319 Ingo kungens/18-01-17 20180118
{
   #TRANS 1930 {} -1002.86
   #TRANS 1799 {} 1002.86
}
#VER A 30 20220319 Shell 7-11 6/18-01-18 20180119
{
   #TRANS 1930 {} -145.00
   #TRANS 1799 {} 145.00
}
#VER A 31 20220319 Nygatans kem/18-01-18 20180119
{
   #TRANS 1930 {} -200.00
   #TRANS 1799 {} 200.00
}
#VER A 32 20220319 Jula AB     /18-01-20 20180122
{
   #TRANS 1930 {} -203.20
   #TRANS 1799 {} 203.20
}
#VER A 33 20220319 Ingo kungens/18-01-26 20180129
{
   #TRANS 1930 {} -1063.13
   #TRANS 1799 {} 1063.13
}
#VER A 34 20220319 Biltema swed/18-01-28 20180129
{
   #TRANS 1930 {} -346.50
   #TRANS 1799 {} 346.50
}
#VER A 35 20220319 Banktjänster 20180131
{
   #TRANS 1930 {} -260.00
   #TRANS 6570 {} 260.00
}
#VER A 36 20220319 Banktjänster 20180131
{
   #TRANS 1930 {} -8.00
   #TRANS 6570 {} 8.00
}
#VER A 37 20220319 Eu bildelar /18-01-30 20180131
{
   #TRANS 1930 {} -200.00
   #TRANS 1799 {} 200.00
}
#VER A 38 20220319 Eu bildelar /18-01-30 20180131
{
   #TRANS 1930 {} -200.00
   #TRANS 1799 {} 200.00
}
#VER A 39 20220319 Allt om bila/18-01-30 20180131
{
   #TRANS 1930 {} -1000.00
   #TRANS 1799 {} 1000.00
}
#VER A 40 20220319 Biltema swed/18-01-30 20180131
{
   #TRANS 1930 {} -139.80
   #TRANS 1799 {} 139.80
}
#VER A 41 20220319 Länsförsäkringar sak 20180201
{
   #TRANS 1930 {} -366.00
   #TRANS 1799 {} 366.00
}
#VER A 42 20220319 Ingo arboga /18-01-31 20180201
{
   #TRANS 1930 {} -973.90
   #TRANS 1799 {} 973.90
}
#VER A 43 20220319 Cbl diffusio 20180202
{
   #TRANS 1930 {} 312258.88
   #TRANS 1910 {} -312258.88
}
#VER A 44 20220319 53640166280 20180202
{
   #TRANS 1930 {} -35000.00
   #TRANS 1799 {} 35000.00
}
#VER A 45 20220319 Circle k sko/18-02-04 20180205
{
   #TRANS 1930 {} -1067.07
   #TRANS 1799 {} 1067.07
}
#VER A 46 20220319 Felparkeringsavgift tran 20180206
{
   #TRANS 1930 {} -850.00
   #TRANS 1799 {} 850.00
}
#VER A 47 20220319 60003 skrubba fastighets 20180206
{
   #TRANS 1930 {} -12312.00
   #TRANS 1799 {} 12312.00
}
#VER A 48 20220319 Energikundservice sverig 20180206
{
   #TRANS 1930 {} -1056.00
   #TRANS 1799 {} 1056.00
}
#VER A 49 20220319 Trafikförsäkringsförenin 20180206
{
   #TRANS 1930 {} -920.00
   #TRANS 1799 {} 920.00
}
#VER A 50 20220319 Trafikförsäkringsförenin 20180206
{
   #TRANS 1930 {} -1581.00
   #TRANS 1799 {} 1581.00
}
#VER A 51 20220319 Klarna bank AB 20180206
{
   #TRANS 1930 {} -379.00
   #TRANS 1799 {} 379.00
}
#VER A 52 20220319 Okq8        /18-02-06 20180207
{
   #TRANS 1930 {} -82.79
   #TRANS 1799 {} 82.79
}
#VER A 53 20220319 Okq8        /18-02-06 20180207
{
   #TRANS 1930 {} -171.88
   #TRANS 1799 {} 171.88
}
#VER A 54 20220319 8202021658 20180209
{
   #TRANS 1930 {} -135000.00
   #TRANS 1799 {} 135000.00
}
#VER A 55 20220319 Shell 7-11 6/18-02-08 20180209
{
   #TRANS 1930 {} -400.54
   #TRANS 1799 {} 400.54
}
#VER A 56 20220319 Allt om bila/18-02-08 20180212
{
   #TRANS 1930 {} -200.00
   #TRANS 1799 {} 200.00
}
#VER A 57 20220319 008202021658 20180212
{
   #TRANS 1930 {} 19700.00
   #TRANS 1910 {} -19700.00
}
#VER A 58 20220319 Circle k bol/18-02-10 20180212
{
   #TRANS 1930 {} -201.00
   #TRANS 1799 {} 201.00
}
#VER A 59 20220319 Hagman europatransporter 20180213
{
   #TRANS 1930 {} -6875.00
   #TRANS 1799 {} 6875.00
}
#VER A 60 20220319 Hagman europatransporter 20180213
{
   #TRANS 1930 {} -7500.00
   #TRANS 1799 {} 7500.00
}
#VER A 61 20220319 Hhke lack center AB 20180213
{
   #TRANS 1930 {} -3750.00
   #TRANS 1799 {} 3750.00
}
#VER A 62 20220319 Maxi ica sto/18-02-11 20180213
{
   #TRANS 1930 {} -322.25
   #TRANS 1799 {} 322.25
}
#VER A 63 20220319 Shell 7-11 6/18-02-12 20180213
{
   #TRANS 1930 {} -200.05
   #TRANS 1799 {} 200.05
}
#VER A 64 20220319 Okq8        /18-02-10 20180214
{
   #TRANS 1930 {} -119.00
   #TRANS 1799 {} 119.00
}
#VER A 65 20220319 Okq8        /18-02-10 20180214
{
   #TRANS 1930 {} -40.57
   #TRANS 1799 {} 40.57
}
#VER A 66 20220319 Okq8        /18-02-10 20180214
{
   #TRANS 1930 {} -923.62
   #TRANS 1799 {} 923.62
}
#VER A 67 20220319 Restaurang n/18-02-12 20180214
{
   #TRANS 1930 {} -90.00
   #TRANS 1799 {} 90.00
}
#VER A 68 20220319 Folktandvard/18-02-13 20180214
{
   #TRANS 1930 {} -803.00
   #TRANS 1799 {} 803.00
}
#VER A 69 20220319 Bankok sodra/18-02-13 20180214
{
   #TRANS 1930 {} -79.00
   #TRANS 1799 {} 79.00
}
#VER A 70 20220319 53640166280 20180215
{
   #TRANS 1930 {} -3000.00
   #TRANS 1799 {} 3000.00
}
#VER A 71 20220319 Biltema swed/18-02-14 20180215
{
   #TRANS 1930 {} -199.80
   #TRANS 1799 {} 199.80
}
#VER A 72 20220319 Ingo soderte/18-02-15 20180216
{
   #TRANS 1930 {} -995.84
   #TRANS 1799 {} 995.84
}
#VER A 73 20220319 Folktandvard/18-02-15 20180216
{
   #TRANS 1930 {} -498.00
   #TRANS 1799 {} 498.00
}
#VER A 74 20220319 Mekonomen   /18-02-17 20180219
{
   #TRANS 1930 {} -1250.00
   #TRANS 1799 {} 1250.00
}
#VER A 75 20220319 Allt om bila/18-02-17 20180219
{
   #TRANS 1930 {} -1000.00
   #TRANS 1799 {} 1000.00
}
#VER A 76 20220319 Bolagsverket/anmälan o r 20180220
{
   #TRANS 1930 {} -850.00
   #TRANS 1799 {} 850.00
}
#VER A 77 20220319 Skatteverket 20180220
{
   #TRANS 1930 {} -3263.00
   #TRANS 1630 {} 3263.00
}
#VER A 78 20220319 845252332488 20180220
{
   #TRANS 1930 {} -30000.00
   #TRANS 1799 {} 30000.00
}
#VER A 79 20220319 Nn0508163117 20180221
{
   #TRANS 1930 {} -3299.00
   #TRANS 1799 {} 3299.00
}
#VER A 80 20220319 53640166280 20180221
{
   #TRANS 1930 {} -40000.00
   #TRANS 1799 {} 40000.00
}
#VER A 81 20220319 Ingo fittja /18-02-20 20180221
{
   #TRANS 1930 {} -935.31
   #TRANS 1799 {} 935.31
}
#VER A 82 20220319 13270100248 20180222
{
   #TRANS 1930 {} -71400.00
   #TRANS 1799 {} 71400.00
}
#VER A 83 20220319 56940492208 20180222
{
   #TRANS 1930 {} -19000.00
   #TRANS 1799 {} 19000.00
}
#VER A 84 20220319 Okq8        /18-02-21 20180222
{
   #TRANS 1930 {} -200.35
   #TRANS 1799 {} 200.35
}
#VER A 85 20220319 Okq8        /18-02-21 20180222
{
   #TRANS 1930 {} -200.92
   #TRANS 1799 {} 200.92
}
#VER A 86 20220319 Bolagsverket/anmälan o r 20180223
{
   #TRANS 1930 {} -1000.00
   #TRANS 1799 {} 1000.00
}
#VER A 87 20220319 Apcoa parkin/18-02-21 20180223
{
   #TRANS 1930 {} -50.00
   #TRANS 1799 {} 50.00
}
#VER A 88 20220319 Ica supermar/18-02-23 20180226
{
   #TRANS 1930 {} -50.00
   #TRANS 1799 {} 50.00
}
#VER A 89 20220319 Ingo solna  /18-02-23 20180226
{
   #TRANS 1930 {} -1022.23
   #TRANS 1799 {} 1022.23
}
#VER A 90 20220319 Solna stad  /18-02-23 20180226
{
   #TRANS 1930 {} -10.00
   #TRANS 1799 {} 10.00
}
#VER A 91 20220319 Waynes solna/18-02-23 20180226
{
   #TRANS 1930 {} -84.00
   #TRANS 1799 {} 84.00
}
#VER A 92 20220319 Synsam 253 m/18-02-23 20180226
{
   #TRANS 1930 {} -348.00
   #TRANS 1799 {} 348.00
}
#VER A 93 20220319 Mekonomen   /18-02-23 20180226
{
   #TRANS 1930 {} -350.00
   #TRANS 1799 {} 350.00
}
#VER A 94 20220319 Mekonomen   /18-02-23 20180226
{
   #TRANS 1930 {} 39.00
   #TRANS 1910 {} -39.00
}
#VER A 95 20220319 Fordonsskatt transportst 20180226
{
   #TRANS 1930 {} -50.00
   #TRANS 1630 {} 50.00
}
#VER A 96 20220319 Biltema swed/18-02-24 20180226
{
   #TRANS 1930 {} -53.80
   #TRANS 1799 {} 53.80
}
#VER A 97 20220319 Shell 7-11 6/18-02-26 20180227
{
   #TRANS 1930 {} -199.00
   #TRANS 1799 {} 199.00
}
#VER A 98 20220319 Tele 2 moto /18-02-26 20180227
{
   #TRANS 1930 {} -389.00
   #TRANS 1799 {} 389.00
}
#VER A 99 20220319 Bauhaus botk/18-02-26 20180227
{
   #TRANS 1930 {} -2939.95
   #TRANS 1799 {} 2939.95
}
#VER A 100 20220319 Stora coop t/18-02-25 20180227
{
   #TRANS 1930 {} -120.00
   #TRANS 1799 {} 120.00
}
#VER A 101 20220319 Bauhaus botk/18-02-27 20180228
{
   #TRANS 1930 {} -1909.00
   #TRANS 1799 {} 1909.00
}
#VER A 102 20220319 Bauhaus botk/18-02-27 20180228
{
   #TRANS 1930 {} -19.90
   #TRANS 1799 {} 19.90
}
#VER A 103 20220319 Bauhaus botk/18-02-27 20180228
{
   #TRANS 1930 {} -99.50
   #TRANS 1799 {} 99.50
}
#VER A 104 20220319 Bauhaus botk/18-02-27 20180228
{
   #TRANS 1930 {} -99.90
   #TRANS 1799 {} 99.90
}
#VER A 105 20220319 Bauhaus botk/18-02-27 20180228
{
   #TRANS 1930 {} 1403.00
   #TRANS 1910 {} -1403.00
}
#VER A 106 20220319 Ikea barkarb/18-02-27 20180228
{
   #TRANS 1930 {} -2495.00
   #TRANS 1799 {} 2495.00
}
#VER A 107 20220319 Ikea-kungens/18-02-27 20180228
{
   #TRANS 1930 {} -3688.00
   #TRANS 1799 {} 3688.00
}
#VER A 108 20220319 Sdertalje ta/18-02-26 20180228
{
   #TRANS 1930 {} -197.00
   #TRANS 1799 {} 197.00
}
#VER A 109 20220319 13270100248 20180301
{
   #TRANS 1930 {} -20000.00
   #TRANS 1799 {} 20000.00
}
#VER A 110 20220319 50011180846 20180301
{
   #TRANS 1930 {} -10000.00
   #TRANS 1799 {} 10000.00
}
#VER A 111 20220319 Bauhaus botk/18-02-28 20180301
{
   #TRANS 1930 {} -1357.95
   #TRANS 1799 {} 1357.95
}
#VER A 112 20220319 Rusta borkyr/18-02-28 20180301
{
   #TRANS 1930 {} -89.90
   #TRANS 1799 {} 89.90
}
#VER A 113 20220319 Atm kontante/18-02-28 20180301
{
   #TRANS 1930 {} -2000.00
   #TRANS 1799 {} 2000.00
}
#VER A 114 20220319 Atm kontante/18-02-28 20180301
{
   #TRANS 1930 {} -2000.00
   #TRANS 1799 {} 2000.00
}
#VER A 115 20220319 Atm kontante/18-02-28 20180301
{
   #TRANS 1930 {} -2000.00
   #TRANS 1799 {} 2000.00
}
#VER A 116 20220319 Atm kontante/18-02-28 20180301
{
   #TRANS 1930 {} -2000.00
   #TRANS 1799 {} 2000.00
}
#VER A 117 20220319 Atm kontante/18-02-28 20180301
{
   #TRANS 1930 {} -2000.00
   #TRANS 1799 {} 2000.00
}
#VER A 118 20220319 60003 skrubba fastighets 20180302
{
   #TRANS 1930 {} -12312.00
   #TRANS 1799 {} 12312.00
}
#VER A 119 20220319 St1 norrtälj/18-03-01 20180302
{
   #TRANS 1930 {} -960.20
   #TRANS 1799 {} 960.20
}
#VER A 120 20220319 Bauhaus botk/18-03-02 20180305
{
   #TRANS 1930 {} -1368.00
   #TRANS 1799 {} 1368.00
}
#VER A 121 20220319 Biltema swed/18-03-02 20180305
{
   #TRANS 1930 {} -69.90
   #TRANS 1799 {} 69.90
}
#VER A 122 20220319 Iz  botkyrka/18-03-02 20180305
{
   #TRANS 1930 {} -3750.00
   #TRANS 1799 {} 3750.00
}
#VER A 123 20220319 Ikea-kungens/18-03-03 20180305
{
   #TRANS 1930 {} -129.00
   #TRANS 1799 {} 129.00
}
#VER A 124 20220319 Felparkeringsavgift tran 20180306
{
   #TRANS 1930 {} -1300.00
   #TRANS 1799 {} 1300.00
}
#VER A 125 20220319 Jula AB     /18-03-05 20180306
{
   #TRANS 1930 {} -138.90
   #TRANS 1799 {} 138.90
}
#VER A 126 20220319 Vistaprint  /18-03-05 20180306
{
   #TRANS 1930 {} -430.00
   #TRANS 1799 {} 430.00
}
#VER A 127 20220319 One com     /18-03-05 20180306
{
   #TRANS 1930 {} -415.00
   #TRANS 1799 {} 415.00
}
#VER A 128 20220319 Skr photowal/18-03-05 20180306
{
   #TRANS 1930 {} -1340.00
   #TRANS 1799 {} 1340.00
}
#VER A 129 20220319 280677891537 20180308
{
   #TRANS 1930 {} -2443.25
   #TRANS 1799 {} 2443.25
}
#VER A 130 20220319 Kostnad 20180308
{
   #TRANS 1930 {} -35.00
   #TRANS 1799 {} 35.00
}
#VER A 131 20220319 Biltema swed/18-03-07 20180308
{
   #TRANS 1930 {} -128.70
   #TRANS 1799 {} 128.70
}
#VER A 132 20220319 The saddler 20180309
{
   #TRANS 1930 {} 3000.00
   #TRANS 1910 {} -3000.00
}
#VER A 133 20220319 The saddler 20180309
{
   #TRANS 1930 {} 1000.00
   #TRANS 1910 {} -1000.00
}
#VER A 134 20220319 The saddler 20180309
{
   #TRANS 1930 {} 1000.00
   #TRANS 1910 {} -1000.00
}
#VER A 135 20220319 The saddler 20180309
{
   #TRANS 1930 {} 1000.00
   #TRANS 1910 {} -1000.00
}
#VER A 136 20220319 The saddler 20180309
{
   #TRANS 1930 {} 1000.00
   #TRANS 1910 {} -1000.00
}
#VER A 137 20220319 Lidl 253 / s/18-03-07 20180309
{
   #TRANS 1930 {} -57.90
   #TRANS 1799 {} 57.90
}
#VER A 138 20220319 Ingo soderte/18-03-09 20180312
{
   #TRANS 1930 {} -1049.55
   #TRANS 1799 {} 1049.55
}
#VER A 139 20220319 Telge las & /18-03-09 20180312
{
   #TRANS 1930 {} -600.00
   #TRANS 1799 {} 600.00
}
#VER A 140 20220319 Iz  dekaltri/18-03-09 20180312
{
   #TRANS 1930 {} -9250.00
   #TRANS 1799 {} 9250.00
}
#VER A 141 20220319 Benevento pi/18-03-09 20180312
{
   #TRANS 1930 {} -180.00
   #TRANS 1799 {} 180.00
}
#VER A 142 20220319 53640166280 20180313
{
   #TRANS 1930 {} -2500.00
   #TRANS 1799 {} 2500.00
}
#VER A 143 20220319 Biltema swed/18-03-12 20180313
{
   #TRANS 1930 {} -191.60
   #TRANS 1799 {} 191.60
}
#VER A 144 20220319 Biltema swed/18-03-12 20180313
{
   #TRANS 1930 {} -49.90
   #TRANS 1799 {} 49.90
}
#VER A 145 20220319 Media markt /18-03-13 20180314
{
   #TRANS 1930 {} -379.00
   #TRANS 1799 {} 379.00
}
#VER A 146 20220319 The saddler 20180315
{
   #TRANS 1930 {} 6000.00
   #TRANS 1910 {} -6000.00
}
#VER A 147 20220319 53640166280 20180315
{
   #TRANS 1930 {} -6000.00
   #TRANS 1799 {} 6000.00
}
#VER A 148 20220319 The saddler 20180315
{
   #TRANS 1930 {} 1000.00
   #TRANS 1910 {} -1000.00
}
#VER A 149 20220319 Ikea-kungens/18-03-14 20180315
{
   #TRANS 1930 {} -448.00
   #TRANS 1799 {} 448.00
}
#VER A 150 20220319 The saddler 20180316
{
   #TRANS 1930 {} 1000.00
   #TRANS 1910 {} -1000.00
}
#VER A 151 20220319 The saddler 20180316
{
   #TRANS 1930 {} 1000.00
   #TRANS 1910 {} -1000.00
}
#VER A 152 20220319 Shell 7-11 6/18-03-15 20180316
{
   #TRANS 1930 {} -195.00
   #TRANS 1799 {} 195.00
}
#VER A 153 20220319 Ingo kungens/18-03-15 20180316
{
   #TRANS 1930 {} -1072.71
   #TRANS 1799 {} 1072.71
}
#VER A 154 20220319 Espresso hou/18-03-15 20180316
{
   #TRANS 1930 {} -68.00
   #TRANS 1799 {} 68.00
}
#VER A 155 20220319 Ikea-kungens/18-03-15 20180316
{
   #TRANS 1930 {} -499.00
   #TRANS 1799 {} 499.00
}
#VER A 156 20220319 Botkyrka mek/18-03-16 20180319
{
   #TRANS 1930 {} -500.00
   #TRANS 1799 {} 500.00
}
#VER A 157 20220319 Biltema swed/18-03-16 20180319
{
   #TRANS 1930 {} -69.80
   #TRANS 1799 {} 69.80
}
#VER A 158 20220319 Tele2 sverige AB 20180319
{
   #TRANS 1930 {} -869.00
   #TRANS 1799 {} 869.00
}
#VER A 159 20220319 Handels-& juristinkasso 20180319
{
   #TRANS 1930 {} -1030.00
   #TRANS 1799 {} 1030.00
}
#VER A 160 20220319 The saddler 20180319
{
   #TRANS 1930 {} 1000.00
   #TRANS 1910 {} -1000.00
}
#VER A 161 20220319 St1 alby    /18-03-17 20180319
{
   #TRANS 1930 {} -200.93
   #TRANS 1799 {} 200.93
}
#VER A 162 20220319 Slso 995803 /18-03-18 20180319
{
   #TRANS 1930 {} -200.00
   #TRANS 1799 {} 200.00
}
#VER A 163 20220319 Blocket     /18-03-18 20180319
{
   #TRANS 1930 {} -130.00
   #TRANS 1799 {} 130.00
}
#VER A 164 20220319 Blocket     /18-03-19 20180320
{
   #TRANS 1930 {} -165.00
   #TRANS 1799 {} 165.00
}
#VER A 165 20220319 Gymgrossiste/18-03-19 20180320
{
   #TRANS 1930 {} -582.00
   #TRANS 1799 {} 582.00
}
#VER A 166 20220319 The saddler 20180321
{
   #TRANS 1930 {} 1000.00
   #TRANS 1910 {} -1000.00
}
#VER A 167 20220319 The saddler 20180321
{
   #TRANS 1930 {} 1000.00
   #TRANS 1910 {} -1000.00
}
#VER A 168 20220319 Rest te-be  /18-03-20 20180321
{
   #TRANS 1930 {} -85.00
   #TRANS 1799 {} 85.00
}
#VER A 169 20220319 If skadeförsäkring AB 20180322
{
   #TRANS 1930 {} -711.00
   #TRANS 1799 {} 711.00
}
#VER A 170 20220319 Energikundservice sverig 20180322
{
   #TRANS 1930 {} -945.00
   #TRANS 1799 {} 945.00
}
#VER A 171 20220319 The saddler 20180322
{
   #TRANS 1930 {} 3000.00
   #TRANS 1910 {} -3000.00
}
#VER A 172 20220319 The saddler 20180322
{
   #TRANS 1930 {} 500.00
   #TRANS 1910 {} -500.00
}
#VER A 173 20220319 The saddler 20180322
{
   #TRANS 1930 {} 1000.00
   #TRANS 1910 {} -1000.00
}
#VER A 174 20220319 Formac production AB 20180323
{
   #TRANS 1930 {} -3531.00
   #TRANS 1799 {} 3531.00
}
#VER A 175 20220319 The saddler 20180323
{
   #TRANS 1930 {} 1000.00
   #TRANS 1910 {} -1000.00
}
#VER A 176 20220319 The saddler 20180323
{
   #TRANS 1930 {} 1000.00
   #TRANS 1910 {} -1000.00
}
#VER A 177 20220319 The saddler 20180323
{
   #TRANS 1930 {} 1000.00
   #TRANS 1910 {} -1000.00
}
#VER A 178 20220319 Ingo soderte/18-03-22 20180323
{
   #TRANS 1930 {} -1053.86
   #TRANS 1799 {} 1053.86
}
#VER A 179 20220319 Maxi ica sto/18-03-23 20180326
{
   #TRANS 1930 {} -66.75
   #TRANS 1799 {} 66.75
}
#VER A 180 20220319 Tele2 sverige AB 20180326
{
   #TRANS 1930 {} -938.00
   #TRANS 1799 {} 938.00
}
#VER A 181 20220319 Grand escali/18-03-24 20180326
{
   #TRANS 1930 {} -122.00
   #TRANS 1799 {} 122.00
}
#VER A 182 20220319 Grand escali/18-03-24 20180326
{
   #TRANS 1930 {} -55.00
   #TRANS 1799 {} 55.00
}
#VER A 183 20220319 The saddler 20180327
{
   #TRANS 1930 {} 1000.00
   #TRANS 1910 {} -1000.00
}
#VER A 184 20220319 The saddler 20180327
{
   #TRANS 1930 {} 1000.00
   #TRANS 1910 {} -1000.00
}
#VER A 185 20220319 The saddler 20180327
{
   #TRANS 1930 {} 1000.00
   #TRANS 1910 {} -1000.00
}
#VER A 186 20220319 The saddler 20180327
{
   #TRANS 1930 {} 1000.00
   #TRANS 1910 {} -1000.00
}
#VER A 187 20220319 Rest te-be  /18-03-26 20180327
{
   #TRANS 1930 {} -170.00
   #TRANS 1799 {} 170.00
}
#VER A 188 20220319 Bilprovninge/18-03-26 20180327
{
   #TRANS 1930 {} -475.00
   #TRANS 1799 {} 475.00
}
#VER A 189 20220319 Ad sverige b/18-03-26 20180327
{
   #TRANS 1930 {} -51.00
   #TRANS 1799 {} 51.00
}
#VER A 190 20220319 The saddler 20180328
{
   #TRANS 1930 {} 1000.00
   #TRANS 1910 {} -1000.00
}
#VER A 191 20220319 Botkyrka mek/18-03-27 20180328
{
   #TRANS 1930 {} -1000.00
   #TRANS 1799 {} 1000.00
}
#VER A 192 20220319 Mekonomen de/18-03-27 20180328
{
   #TRANS 1930 {} -2334.40
   #TRANS 1799 {} 2334.40
}
#VER A 193 20220319 The saddler 20180329
{
   #TRANS 1930 {} 1000.00
   #TRANS 1910 {} -1000.00
}
#VER A 194 20220319 The saddler 20180329
{
   #TRANS 1930 {} 1000.00
   #TRANS 1910 {} -1000.00
}
#VER A 195 20220319 Besikta 0658/18-03-28 20180329
{
   #TRANS 1930 {} -289.00
   #TRANS 1799 {} 289.00
}
#VER A 196 20220319 Blocket     /18-03-29 20180403
{
   #TRANS 1930 {} -165.00
   #TRANS 1799 {} 165.00
}
#VER A 197 20220319 Botkyrka mek/18-03-29 20180403
{
   #TRANS 1930 {} -500.00
   #TRANS 1799 {} 500.00
}
#VER A 198 20220319 Mekonomen de/18-03-29 20180403
{
   #TRANS 1930 {} -651.00
   #TRANS 1799 {} 651.00
}
#VER A 199 20220319 Maxi ica sto/18-03-30 20180403
{
   #TRANS 1930 {} -66.90
   #TRANS 1799 {} 66.90
}
#VER A 200 20220319 Circle k sko/18-03-30 20180403
{
   #TRANS 1930 {} -500.22
   #TRANS 1799 {} 500.22
}
#VER A 201 20220319 Botkyrka mek/18-03-30 20180403
{
   #TRANS 1930 {} -400.00
   #TRANS 1799 {} 400.00
}
#VER A 202 20220319 46709515186 20180403
{
   #TRANS 1930 {} 8500.00
   #TRANS 1910 {} -8500.00
}
#VER A 203 20220319 The saddler 20180403
{
   #TRANS 1930 {} 20000.00
   #TRANS 1910 {} -20000.00
}
#VER A 204 20220319 The saddler 20180403
{
   #TRANS 1930 {} 10000.00
   #TRANS 1910 {} -10000.00
}
#VER A 205 20220319 Parkeringsservice svensk 20180403
{
   #TRANS 1930 {} -400.00
   #TRANS 1799 {} 400.00
}
#VER A 206 20220319 13270100248 20180403
{
   #TRANS 1930 {} -20000.00
   #TRANS 1799 {} 20000.00
}
#VER A 207 20220319 Hummel 20180403
{
   #TRANS 1930 {} 12080.00
   #TRANS 1910 {} -12080.00
}
#VER A 208 20220319 46735904887 20180403
{
   #TRANS 1930 {} 5000.00
   #TRANS 1910 {} -5000.00
}
#VER A 209 20220319 46735904887 20180403
{
   #TRANS 1930 {} 2000.00
   #TRANS 1910 {} -2000.00
}
#VER A 210 20220319 Shell 7-11 6/18-04-02 20180403
{
   #TRANS 1930 {} -200.46
   #TRANS 1799 {} 200.46
}
#VER A 211 20220319 Trängselskatt transports 20180404
{
   #TRANS 1930 {} -500.00
   #TRANS 1630 {} 500.00
}
#VER A 212 20220319 Reparera bil i stockholm 20180404
{
   #TRANS 1930 {} -3750.00
   #TRANS 1799 {} 3750.00
}
#VER A 213 20220319 Fordonsskatt transportst 20180404
{
   #TRANS 1930 {} -50.00
   #TRANS 1630 {} 50.00
}
#VER A 214 20220319 Fordonsskatt transportst 20180404
{
   #TRANS 1930 {} -50.00
   #TRANS 1630 {} 50.00
}
#VER A 215 20220319 46709515186 20180404
{
   #TRANS 1930 {} 99400.00
   #TRANS 1910 {} -99400.00
}
#VER A 216 20220319 832799841876 20180405
{
   #TRANS 1930 {} -86201.00
   #TRANS 1799 {} 86201.00
}
#VER A 217 20220319 53640166280 20180405
{
   #TRANS 1930 {} -7000.00
   #TRANS 1799 {} 7000.00
}
#VER A 218 20220319 Blocket     /18-04-04 20180405
{
   #TRANS 1930 {} -130.00
   #TRANS 1799 {} 130.00
}
#VER A 219 20220319 Circle k sko/18-04-05 20180406
{
   #TRANS 1930 {} -500.41
   #TRANS 1799 {} 500.41
}
#VER A 220 20220319 Biltema swed/18-04-05 20180406
{
   #TRANS 1930 {} -91.70
   #TRANS 1799 {} 91.70
}
#VER A 221 20220319 Smista audi /18-04-06 20180409
{
   #TRANS 1930 {} -166.00
   #TRANS 1799 {} 166.00
}
#VER A 222 20220319 Bil & motort/18-04-06 20180409
{
   #TRANS 1930 {} -9713.00
   #TRANS 1799 {} 9713.00
}
#VER A 223 20220319 Botkyrka mek/18-04-03 20180409
{
   #TRANS 1930 {} -700.00
   #TRANS 1799 {} 700.00
}
#VER A 224 20220319 Ingo soderte/18-04-08 20180409
{
   #TRANS 1930 {} -200.36
   #TRANS 1799 {} 200.36
}
#VER A 225 20220319 Clean expres/18-04-08 20180409
{
   #TRANS 1930 {} -60.00
   #TRANS 1799 {} 60.00
}
#VER A 226 20220319 Clean expres/18-04-08 20180409
{
   #TRANS 1930 {} -40.00
   #TRANS 1799 {} 40.00
}
#VER A 227 20220319 Shell 7-11 6/18-04-07 20180409
{
   #TRANS 1930 {} -500.59
   #TRANS 1799 {} 500.59
}
#VER A 228 20220319 Alfred neff 20180410
{
   #TRANS 1930 {} 109459.50
   #TRANS 1910 {} -109459.50
}
#VER A 229 20220319 Maxi ica sto/18-04-09 20180410
{
   #TRANS 1930 {} -90.00
   #TRANS 1799 {} 90.00
}
#VER A 230 20220319 Clean expres/18-04-09 20180410
{
   #TRANS 1930 {} -60.00
   #TRANS 1799 {} 60.00
}
#VER A 231 20220319 Biltema swed/18-04-09 20180410
{
   #TRANS 1930 {} -199.70
   #TRANS 1799 {} 199.70
}
#VER A 232 20220319 If skadeförsäkring AB 20180411
{
   #TRANS 1930 {} -703.00
   #TRANS 1799 {} 703.00
}
#VER A 233 20220319 Bilprovninge/18-04-10 20180411
{
   #TRANS 1930 {} -395.00
   #TRANS 1799 {} 395.00
}
#VER A 234 20220319 St1 alby    /18-04-10 20180411
{
   #TRANS 1930 {} -200.07
   #TRANS 1799 {} 200.07
}
#VER A 235 20220319 Trafikförsäkringsförenin 20180412
{
   #TRANS 1930 {} -1716.00
   #TRANS 1799 {} 1716.00
}
#VER A 236 20220319 Bilprovninge/18-04-11 20180412
{
   #TRANS 1930 {} -395.00
   #TRANS 1799 {} 395.00
}
#VER A 237 20220319 H13375475176 20180413
{
   #TRANS 1930 {} 63499.00
   #TRANS 1910 {} -63499.00
}
#VER A 238 20220319 Kostnad 20180413
{
   #TRANS 1930 {} -17.00
   #TRANS 1799 {} 17.00
}
#VER A 239 20220319 Stadium outl/18-04-12 20180413
{
   #TRANS 1930 {} -600.00
   #TRANS 1799 {} 600.00
}
#VER A 240 20220319 Blocket     /18-04-12 20180413
{
   #TRANS 1930 {} -280.00
   #TRANS 1799 {} 280.00
}
#VER A 241 20220319 Blocket     /18-04-12 20180413
{
   #TRANS 1930 {} -130.00
   #TRANS 1799 {} 130.00
}
#VER A 242 20220319 46700404141 20180416
{
   #TRANS 1930 {} 131900.00
   #TRANS 1910 {} -131900.00
}
#VER A 243 20220319 Circle k sto/18-04-13 20180416
{
   #TRANS 1930 {} -200.26
   #TRANS 1799 {} 200.26
}
#VER A 244 20220319 Shell 7-11 6/18-04-15 20180416
{
   #TRANS 1930 {} -1030.69
   #TRANS 1799 {} 1030.69
}
#VER A 245 20220319 Clean expres/18-04-14 20180416
{
   #TRANS 1930 {} -60.00
   #TRANS 1799 {} 60.00
}
#VER A 246 20220319 Clean expres/18-04-14 20180416
{
   #TRANS 1930 {} -100.00
   #TRANS 1799 {} 100.00
}
#VER A 247 20220319 Clean expres/18-04-15 20180416
{
   #TRANS 1930 {} -60.00
   #TRANS 1799 {} 60.00
}
#VER A 248 20220319 Biltema swed/18-04-14 20180416
{
   #TRANS 1930 {} -208.90
   #TRANS 1799 {} 208.90
}
#VER A 249 20220319 Biltema swed/18-04-14 20180416
{
   #TRANS 1930 {} -99.90
   #TRANS 1799 {} 99.90
}
#VER A 250 20220319 Maxi ica sto/18-04-14 20180416
{
   #TRANS 1930 {} -45.79
   #TRANS 1799 {} 45.79
}
#VER A 251 20220319 Köp volvo 20180417
{
   #TRANS 1930 {} -105000.00
   #TRANS 1799 {} 105000.00
}
#VER A 252 20220319 53543391674 20180417
{
   #TRANS 1930 {} -10000.00
   #TRANS 1799 {} 10000.00
}
#VER A 253 20220319 281078126486 20180417
{
   #TRANS 1930 {} -2202.10
   #TRANS 1799 {} 2202.10
}
#VER A 254 20220319 Kostnad 20180417
{
   #TRANS 1930 {} -50.00
   #TRANS 1799 {} 50.00
}
#VER A 255 20220319 Clean expres/18-04-16 20180417
{
   #TRANS 1930 {} -80.00
   #TRANS 1799 {} 80.00
}
#VER A 256 20220319 Clean expres/18-04-16 20180417
{
   #TRANS 1930 {} -60.00
   #TRANS 1799 {} 60.00
}
#VER A 257 20220319 Bauhaus botk/18-04-17 20180418
{
   #TRANS 1930 {} -379.00
   #TRANS 1799 {} 379.00
}
#VER A 258 20220319 Biltema swed/18-04-17 20180418
{
   #TRANS 1930 {} -69.90
   #TRANS 1799 {} 69.90
}
#VER A 259 20220319 Maxi ica sto/18-04-19 20180420
{
   #TRANS 1930 {} -90.00
   #TRANS 1799 {} 90.00
}
#VER A 260 20220319 Clean expres/18-04-19 20180420
{
   #TRANS 1930 {} -60.00
   #TRANS 1799 {} 60.00
}
#VER A 261 20220319 Ingo soderte/18-04-20 20180423
{
   #TRANS 1930 {} -786.17
   #TRANS 1799 {} 786.17
}
#VER A 262 20220319 53543391674 20180423
{
   #TRANS 1930 {} -20000.00
   #TRANS 1799 {} 20000.00
}
#VER A 263 20220319 Hotell tre l/18-04-21 20180423
{
   #TRANS 1930 {} -986.00
   #TRANS 1799 {} 986.00
}
#VER A 264 20220319 St1 alby    /18-04-22 20180423
{
   #TRANS 1930 {} -400.04
   #TRANS 1799 {} 400.04
}
#VER A 265 20220319 Carfax      /18-04-22 20180423
{
   #TRANS 1930 {} -349.00
   #TRANS 1799 {} 349.00
}
#VER A 266 20220319 Clean expres/18-04-23 20180424
{
   #TRANS 1930 {} -40.00
   #TRANS 1799 {} 40.00
}
#VER A 267 20220319 Bilprovninge/18-04-24 20180425
{
   #TRANS 1930 {} -475.00
   #TRANS 1799 {} 475.00
}
#VER A 268 20220319 8906030070 20180426
{
   #TRANS 1930 {} -25000.00
   #TRANS 1799 {} 25000.00
}
#VER A 269 20220319 Anette svens 20180426
{
   #TRANS 1930 {} 19000.00
   #TRANS 1910 {} -19000.00
}
#VER A 270 20220319 8006561918  /18-04-25 20180426
{
   #TRANS 1930 {} -263.42
   #TRANS 1799 {} 263.42
}
#VER A 271 20220319 Jula AB     /18-04-25 20180426
{
   #TRANS 1930 {} -212.70
   #TRANS 1799 {} 212.70
}
#VER A 272 20220319 Ica supermar/18-04-25 20180426
{
   #TRANS 1930 {} -240.00
   #TRANS 1799 {} 240.00
}
#VER A 273 20220319 Mall of scan/18-04-25 20180426
{
   #TRANS 1930 {} -40.00
   #TRANS 1799 {} 40.00
}
#VER A 274 20220319 Clean expres/18-04-25 20180426
{
   #TRANS 1930 {} -40.00
   #TRANS 1799 {} 40.00
}
#VER A 275 20220319 46700928173 20180427
{
   #TRANS 1930 {} 4000.00
   #TRANS 1910 {} -4000.00
}
#VER A 276 20220319 Ingo kungens/18-04-26 20180427
{
   #TRANS 1930 {} -200.09
   #TRANS 1799 {} 200.09
}
#VER A 277 20220319 Espresso hou/18-04-26 20180427
{
   #TRANS 1930 {} -71.00
   #TRANS 1799 {} 71.00
}
#VER A 278 20220319 Clean expres/18-04-26 20180427
{
   #TRANS 1930 {} -80.00
   #TRANS 1799 {} 80.00
}
#VER A 279 20220319 Ingo soderte/18-04-27 20180430
{
   #TRANS 1930 {} -200.72
   #TRANS 1799 {} 200.72
}
#VER A 280 20220319 Energikundservice sverig 20180430
{
   #TRANS 1930 {} -907.00
   #TRANS 1799 {} 907.00
}
#VER A 281 20220319 Sector alarm företag/pay 20180430
{
   #TRANS 1930 {} -2111.25
   #TRANS 1799 {} 2111.25
}
#VER A 282 20220319 Fordonsskatt transportst 20180430
{
   #TRANS 1930 {} -50.00
   #TRANS 1630 {} 50.00
}
#VER A 283 20220319 Fordonsskatt transportst 20180430
{
   #TRANS 1930 {} -50.00
   #TRANS 1630 {} 50.00
}
#VER A 284 20220319 Fordonsskatt transportst 20180430
{
   #TRANS 1930 {} -50.00
   #TRANS 1630 {} 50.00
}
#VER A 285 20220319 Huddinge billack AB 20180430
{
   #TRANS 1930 {} -1875.00
   #TRANS 1799 {} 1875.00
}
#VER A 286 20220319 Tele2 sverige AB 20180430
{
   #TRANS 1930 {} -80.00
   #TRANS 1799 {} 80.00
}
#VER A 287 20220319 If skadeförsäkring AB (p 20180430
{
   #TRANS 1930 {} -5910.00
   #TRANS 1799 {} 5910.00
}
#VER A 288 20220319 Yeo762 20180430
{
   #TRANS 1930 {} 209900.00
   #TRANS 1910 {} -209900.00
}
#VER A 289 20220319 St1 alby    /18-04-28 20180430
{
   #TRANS 1930 {} -151.23
   #TRANS 1799 {} 151.23
}
#VER A 290 20220319 Clean expres/18-04-30 20180502
{
   #TRANS 1930 {} -40.00
   #TRANS 1799 {} 40.00
}
#VER A 291 20220319 Energikundservice sverig 20180502
{
   #TRANS 1930 {} -907.00
   #TRANS 1799 {} 907.00
}
#VER A 292 20220319 Trafikförsäkringsförenin 20180502
{
   #TRANS 1930 {} -410.00
   #TRANS 1799 {} 410.00
}
#VER A 293 20220319 13270100248 20180502
{
   #TRANS 1930 {} -23800.00
   #TRANS 1799 {} 23800.00
}
#VER A 294 20220319 Skatteverket 20180502
{
   #TRANS 1930 {} -2700.00
   #TRANS 1630 {} 2700.00
}
#VER A 295 20220319 Banktjänster 20180502
{
   #TRANS 1930 {} -20.00
   #TRANS 6570 {} 20.00
}
#VER A 296 20220319 Banktjänster 20180502
{
   #TRANS 1930 {} -408.33
   #TRANS 6570 {} 408.33
}
#VER A 297 20220319 612473921768 20180502
{
   #TRANS 1930 {} -30000.00
   #TRANS 1799 {} 30000.00
}
#VER A 298 20220319 Clean expres/18-05-01 20180502
{
   #TRANS 1930 {} -60.00
   #TRANS 1799 {} 60.00
}
#VER A 299 20220319 Sector alarm företag/pay 20180503
{
   #TRANS 1930 {} -2175.25
   #TRANS 1799 {} 2175.25
}
#VER A 300 20220319 60003 skrubba fastighets 20180503
{
   #TRANS 1930 {} -12311.00
   #TRANS 1799 {} 12311.00
}
#VER A 301 20220319 60003 skrubba fastighets 20180503
{
   #TRANS 1930 {} -12572.00
   #TRANS 1799 {} 12572.00
}
#VER A 302 20220319 If skadeförsäkring AB 20180503
{
   #TRANS 1930 {} -703.00
   #TRANS 1799 {} 703.00
}
#VER A 303 20220319 Alby gfc AB /18-05-02 20180503
{
   #TRANS 1930 {} -124.00
   #TRANS 1799 {} 124.00
}
#VER A 304 20220319 Clean expres/18-05-02 20180503
{
   #TRANS 1930 {} -60.00
   #TRANS 1799 {} 60.00
}
#VER A 305 20220319 Volkswagen finans sverig 20180504
{
   #TRANS 1930 {} -102275.00
   #TRANS 1799 {} 102275.00
}
#VER A 306 20220319 Yeo762 20180504
{
   #TRANS 1930 {} -180000.00
   #TRANS 1799 {} 180000.00
}
#VER A 307 20220319 Stoff och st/18-05-03 20180504
{
   #TRANS 1930 {} -324.88
   #TRANS 1799 {} 324.88
}
#VER A 308 20220319 St1 frihamne/18-05-03 20180504
{
   #TRANS 1930 {} -300.45
   #TRANS 1799 {} 300.45
}
#VER A 309 20220319 Hornbach byg/18-05-03 20180504
{
   #TRANS 1930 {} -219.00
   #TRANS 1799 {} 219.00
}
#VER A 310 20220319 Shell 7-11 6/18-05-04 20180507
{
   #TRANS 1930 {} -100.08
   #TRANS 1799 {} 100.08
}
#VER A 311 20220319 Clean expres/18-05-04 20180507
{
   #TRANS 1930 {} -60.00
   #TRANS 1799 {} 60.00
}
#VER A 312 20220319 Clean expres/18-05-04 20180507
{
   #TRANS 1930 {} -40.00
   #TRANS 1799 {} 40.00
}
#VER A 313 20220319 Jula AB     /18-05-06 20180507
{
   #TRANS 1930 {} -159.00
   #TRANS 1799 {} 159.00
}
#VER A 314 20220319 Jysk kungens/18-05-06 20180507
{
   #TRANS 1930 {} -922.95
   #TRANS 1799 {} 922.95
}
#VER A 315 20220319 Oob kungens /18-05-06 20180507
{
   #TRANS 1930 {} -72.10
   #TRANS 1799 {} 72.10
}
#VER A 316 20220319 Maxi ica sto/18-05-05 20180507
{
   #TRANS 1930 {} -438.90
   #TRANS 1799 {} 438.90
}
#VER A 317 20220319 Shell 7-11 6/18-05-05 20180507
{
   #TRANS 1930 {} -300.23
   #TRANS 1799 {} 300.23
}
#VER A 318 20220319 46708609001 20180508
{
   #TRANS 1930 {} 10000.00
   #TRANS 1910 {} -10000.00
}
#VER A 319 20220319 46708609001 20180509
{
   #TRANS 1930 {} 18000.00
   #TRANS 1910 {} -18000.00
}
#VER A 320 20220319 Clean expres/18-05-08 20180509
{
   #TRANS 1930 {} -60.00
   #TRANS 1799 {} 60.00
}
#VER A 321 20220319 Circle k kun/18-05-09 20180511
{
   #TRANS 1930 {} -200.20
   #TRANS 1799 {} 200.20
}
#VER A 322 20220319 Bauhaus botk/18-05-09 20180511
{
   #TRANS 1930 {} -144.90
   #TRANS 1799 {} 144.90
}
#VER A 323 20220319 Bg 222-9698 20180511
{
   #TRANS 1930 {} 24000.00
   #TRANS 1910 {} -24000.00
}
#VER A 324 20220319 Circle k kun/18-05-10 20180511
{
   #TRANS 1930 {} -200.00
   #TRANS 1799 {} 200.00
}
#VER A 325 20220319 Allt om bila/18-05-10 20180511
{
   #TRANS 1930 {} -600.00
   #TRANS 1799 {} 600.00
}
#VER A 326 20220319 110 teknikma/18-05-11 20180514
{
   #TRANS 1930 {} -1190.00
   #TRANS 1799 {} 1190.00
}
#VER A 327 20220319 Sergel kredittjänster AB 20180516
{
   #TRANS 1930 {} -1296.00
   #TRANS 1799 {} 1296.00
}
#VER A 328 20220319 000301235530 20180516
{
   #TRANS 1930 {} 122395.00
   #TRANS 1910 {} -122395.00
}
#VER A 329 20220319 832799347783 20180516
{
   #TRANS 1930 {} -5725.00
   #TRANS 1799 {} 5725.00
}
#VER A 330 20220319 Bg 222-9698 20180516
{
   #TRANS 1930 {} 238240.00
   #TRANS 1910 {} -238240.00
}
#VER A 331 20220319 Cst534 20180516
{
   #TRANS 1930 {} 37490.00
   #TRANS 1910 {} -37490.00
}
#VER A 332 20220319 46704197575 20180516
{
   #TRANS 1930 {} 5000.00
   #TRANS 1910 {} -5000.00
}
#VER A 333 20220319 46704197575 20180516
{
   #TRANS 1930 {} 4980.00
   #TRANS 1910 {} -4980.00
}
#VER A 334 20220319 Ingo soderte/18-05-15 20180516
{
   #TRANS 1930 {} -200.12
   #TRANS 1799 {} 200.12
}
#VER A 335 20220319 Bilprovninge/18-05-15 20180516
{
   #TRANS 1930 {} -395.00
   #TRANS 1799 {} 395.00
}
#VER A 336 20220319 Hard-bygg AB 20180517
{
   #TRANS 1930 {} -130000.00
   #TRANS 1799 {} 130000.00
}
#VER A 337 20220319 6202234115 20180517
{
   #TRANS 1930 {} -75000.00
   #TRANS 1799 {} 75000.00
}
#VER A 338 20220319 Svea ekonomi AB 20180518
{
   #TRANS 1930 {} -850.00
   #TRANS 1799 {} 850.00
}
#VER A 339 20220319 Svea ekonomi AB 20180518
{
   #TRANS 1930 {} -910.00
   #TRANS 1799 {} 910.00
}
#VER A 340 20220319 Svea ekonomi AB 20180518
{
   #TRANS 1930 {} -1675.00
   #TRANS 1799 {} 1675.00
}
#VER A 341 20220319 Svea ekonomi AB 20180518
{
   #TRANS 1930 {} -1735.00
   #TRANS 1799 {} 1735.00
}
#VER A 342 20220319 Svea ekonomi AB 20180518
{
   #TRANS 1930 {} -9410.00
   #TRANS 1799 {} 9410.00
}
#VER A 343 20220319 Energikundservice sverig 20180518
{
   #TRANS 1930 {} -770.00
   #TRANS 1799 {} 770.00
}
#VER A 344 20220319 Shell 7-11 6/18-05-17 20180518
{
   #TRANS 1930 {} -200.30
   #TRANS 1799 {} 200.30
}
#VER A 345 20220319 Klarna  enge/18-05-17 20180518
{
   #TRANS 1930 {} 50.00
   #TRANS 1910 {} -50.00
}
#VER A 346 20220319 Klarna  enge/18-05-17 20180518
{
   #TRANS 1930 {} -1664.00
   #TRANS 1799 {} 1664.00
}
#VER A 347 20220319 Bilia segelt/18-05-17 20180518
{
   #TRANS 1930 {} -1401.00
   #TRANS 1799 {} 1401.00
}
#VER A 348 20220319 Mekonomen de/18-05-18 20180521
{
   #TRANS 1930 {} -88.38
   #TRANS 1799 {} 88.38
}
#VER A 349 20220319 Cst534 slutb 20180521
{
   #TRANS 1930 {} 337410.00
   #TRANS 1910 {} -337410.00
}
#VER A 350 20220319 Netonnet AB /18-05-16 20180521
{
   #TRANS 1930 {} -2979.00
   #TRANS 1799 {} 2979.00
}
#VER A 351 20220319 Botkyrka mek/18-05-19 20180521
{
   #TRANS 1930 {} -200.00
   #TRANS 1799 {} 200.00
}
#VER A 352 20220319 St1 alby    /18-05-20 20180521
{
   #TRANS 1930 {} -300.39
   #TRANS 1799 {} 300.39
}
#VER A 353 20220319 46705970152 20180521
{
   #TRANS 1930 {} 6750.00
   #TRANS 1910 {} -6750.00
}
#VER A 354 20220319 St1 alby    /18-05-21 20180522
{
   #TRANS 1930 {} -83.32
   #TRANS 1799 {} 83.32
}
#VER A 355 20220319 St1 tullinge/18-05-21 20180522
{
   #TRANS 1930 {} -201.42
   #TRANS 1799 {} 201.42
}
#VER A 356 20220319 Cst534 20180523
{
   #TRANS 1930 {} -335000.00
   #TRANS 1799 {} 335000.00
}
#VER A 357 20220319 13270100248 20180523
{
   #TRANS 1930 {} -23800.00
   #TRANS 1799 {} 23800.00
}
#VER A 358 20220319 Bg 222-9698 20180523
{
   #TRANS 1930 {} 151920.00
   #TRANS 1910 {} -151920.00
}
#VER A 359 20220319 53543391674 20180523
{
   #TRANS 1930 {} -100000.00
   #TRANS 1799 {} 100000.00
}
#VER A 360 20220319 46760912772 20180523
{
   #TRANS 1930 {} 18490.00
   #TRANS 1910 {} -18490.00
}
#VER A 361 20220319 Shell 7-11 6/18-05-22 20180523
{
   #TRANS 1930 {} -100.11
   #TRANS 1799 {} 100.11
}
#VER A 362 20220319 St1 alby    /18-05-22 20180523
{
   #TRANS 1930 {} -300.44
   #TRANS 1799 {} 300.44
}
#VER A 363 20220319 St1 botkyrka/18-05-22 20180523
{
   #TRANS 1930 {} -200.02
   #TRANS 1799 {} 200.02
}
#VER A 364 20220319 Fordonsskatt transportst 20180524
{
   #TRANS 1930 {} -50.00
   #TRANS 1630 {} 50.00
}
#VER A 365 20220319 Fordonsskatt transportst 20180524
{
   #TRANS 1930 {} -50.00
   #TRANS 1630 {} 50.00
}
#VER A 366 20220319 Fordonsskatt transportst 20180524
{
   #TRANS 1930 {} -50.00
   #TRANS 1630 {} 50.00
}
#VER A 367 20220319 Fordonsskatt transportst 20180524
{
   #TRANS 1930 {} -50.00
   #TRANS 1630 {} 50.00
}
#VER A 368 20220319 Tele2 sverige AB 20180524
{
   #TRANS 1930 {} -751.00
   #TRANS 1799 {} 751.00
}
#VER A 369 20220319 Tele2 sverige AB 20180524
{
   #TRANS 1930 {} -1035.00
   #TRANS 1799 {} 1035.00
}
#VER A 370 20220319 Fordonsskatt transportst 20180525
{
   #TRANS 1930 {} -262.00
   #TRANS 1630 {} 262.00
}
#VER A 371 20220319 8906030070 20180525
{
   #TRANS 1930 {} -20000.00
   #TRANS 1799 {} 20000.00
}
#VER A 372 20220319 Rusta borkyr/18-05-24 20180525
{
   #TRANS 1930 {} -35.80
   #TRANS 1799 {} 35.80
}
#VER A 373 20220319 Stjernans bi/18-05-24 20180525
{
   #TRANS 1930 {} -1929.00
   #TRANS 1799 {} 1929.00
}
#VER A 374 20220319 Stjernans bi/18-05-24 20180525
{
   #TRANS 1930 {} -850.00
   #TRANS 1799 {} 850.00
}
#VER A 375 20220319 Stjernans bi/18-05-24 20180525
{
   #TRANS 1930 {} -200.00
   #TRANS 1799 {} 200.00
}
#VER A 376 20220319 46760912772 20180528
{
   #TRANS 1930 {} 19709.00
   #TRANS 1910 {} -19709.00
}
#VER A 377 20220319 Biltema swed/18-05-25 20180528
{
   #TRANS 1930 {} -49.90
   #TRANS 1799 {} 49.90
}
#VER A 378 20220319 Biltema swed/18-05-25 20180528
{
   #TRANS 1930 {} -59.90
   #TRANS 1799 {} 59.90
}
#VER A 379 20220319 Botkyrka mek/18-05-25 20180528
{
   #TRANS 1930 {} -4500.00
   #TRANS 1799 {} 4500.00
}
#VER A 380 20220319 Mekonomen de/18-05-25 20180528
{
   #TRANS 1930 {} -214.40
   #TRANS 1799 {} 214.40
}
#VER A 381 20220319 Wbt253 20180528
{
   #TRANS 1930 {} 60750.00
   #TRANS 1910 {} -60750.00
}
#VER A 382 20220319 Bg 222-9698 20180528
{
   #TRANS 1930 {} 149900.00
   #TRANS 1910 {} -149900.00
}
#VER A 383 20220319 Cbl diffusio 20180528
{
   #TRANS 1930 {} 64631.57
   #TRANS 1910 {} -64631.57
}
#VER A 384 20220319 Ingo soderte/18-05-27 20180528
{
   #TRANS 1930 {} -103.29
   #TRANS 1799 {} 103.29
}
#VER A 385 20220319 Biltema swed/18-05-27 20180528
{
   #TRANS 1930 {} -199.50
   #TRANS 1799 {} 199.50
}
#VER A 386 20220319 Maxi ica sto/18-05-26 20180528
{
   #TRANS 1930 {} -90.00
   #TRANS 1799 {} 90.00
}
#VER A 387 20220319 53543391674 20180528
{
   #TRANS 1930 {} -20000.00
   #TRANS 1799 {} 20000.00
}
#VER A 388 20220319 53543382608 20180528
{
   #TRANS 1930 {} -100000.00
   #TRANS 1799 {} 100000.00
}
#VER A 389 20220319 Nordea finans sverige AB 20180529
{
   #TRANS 1930 {} -146448.00
   #TRANS 1799 {} 146448.00
}
#VER A 390 20220319 281498389508 20180529
{
   #TRANS 1930 {} -65504.71
   #TRANS 1799 {} 65504.71
}
#VER A 391 20220319 Kostnad 20180529
{
   #TRANS 1930 {} -35.00
   #TRANS 1799 {} 35.00
}
#VER A 392 20220319 Preem       /18-05-28 20180530
{
   #TRANS 1930 {} -200.13
   #TRANS 1799 {} 200.13
}
#VER A 393 20220319 Biltema swed/18-05-29 20180530
{
   #TRANS 1930 {} -59.90
   #TRANS 1799 {} 59.90
}
#VER A 394 20220319 Aut10:36 20180531
{
   #TRANS 1930 {} -2000.00
   #TRANS 2893 {} 2000.00
}
#VER A 395 20220319 Bg 222-9698 20180531
{
   #TRANS 1930 {} 99920.00
   #TRANS 1910 {} -99920.00
}
#VER A 396 20220319 8906030070 20180531
{
   #TRANS 1930 {} -12196.00
   #TRANS 1799 {} 12196.00
}
#VER A 397 20220319 46762918561 20180531
{
   #TRANS 1930 {} 10000.00
   #TRANS 1910 {} -10000.00
}
#VER A 398 20220319 If skadeförs 20180601
{
   #TRANS 1930 {} -703.00
   #TRANS 1799 {} 703.00
}
#VER A 399 20220319 7405243770 20180601
{
   #TRANS 1930 {} -90000.00
   #TRANS 1799 {} 90000.00
}
#VER A 400 20220319 828420046598 20180601
{
   #TRANS 1930 {} -32500.00
   #TRANS 1799 {} 32500.00
}
#VER A 401 20220319 Allt om bila/18-05-31 20180601
{
   #TRANS 1930 {} -1000.00
   #TRANS 1799 {} 1000.00
}
#VER A 402 20220319 St1 alby    /18-05-31 20180601
{
   #TRANS 1930 {} -300.38
   #TRANS 1799 {} 300.38
}
#VER A 403 20220319 53640166280 20180604
{
   #TRANS 1930 {} -25000.00
   #TRANS 1799 {} 25000.00
}
#VER A 404 20220319 Circle k elt/18-06-01 20180604
{
   #TRANS 1930 {} -100.55
   #TRANS 1799 {} 100.55
}
#VER A 405 20220319 Ingo soderte/18-06-01 20180604
{
   #TRANS 1930 {} -200.46
   #TRANS 1799 {} 200.46
}
#VER A 406 20220319 Preem       /18-05-31 20180604
{
   #TRANS 1930 {} -75.32
   #TRANS 1799 {} 75.32
}
#VER A 407 20220319 54010042206 20180604
{
   #TRANS 1930 {} -104000.00
   #TRANS 1799 {} 104000.00
}
#VER A 408 20220319 Ingo soderte/18-06-03 20180604
{
   #TRANS 1930 {} -100.58
   #TRANS 1799 {} 100.58
}
#VER A 409 20220319 Bauhaus botk/18-06-03 20180604
{
   #TRANS 1930 {} -139.60
   #TRANS 1799 {} 139.60
}
#VER A 410 20220319 Bauhaus botk/18-06-03 20180604
{
   #TRANS 1930 {} 785.50
   #TRANS 1910 {} -785.50
}
#VER A 411 20220319 Lidl 148 / t/18-06-03 20180604
{
   #TRANS 1930 {} -34.90
   #TRANS 1799 {} 34.90
}
#VER A 412 20220319 Rusta borkyr/18-06-03 20180604
{
   #TRANS 1930 {} -229.70
   #TRANS 1799 {} 229.70
}
#VER A 413 20220319 Bauhaus botk/18-06-02 20180604
{
   #TRANS 1930 {} -1029.95
   #TRANS 1799 {} 1029.95
}
#VER A 414 20220319 Bauhaus botk/18-06-02 20180604
{
   #TRANS 1930 {} -4725.26
   #TRANS 1799 {} 4725.26
}
#VER A 415 20220319 Bauhaus botk/18-06-02 20180604
{
   #TRANS 1930 {} -283.95
   #TRANS 1799 {} 283.95
}
#VER A 416 20220319 Hornbach byg/18-06-02 20180604
{
   #TRANS 1930 {} -1133.00
   #TRANS 1799 {} 1133.00
}
#VER A 417 20220319 Bg 222-9698 20180605
{
   #TRANS 1930 {} 25000.00
   #TRANS 1910 {} -25000.00
}
#VER A 418 20220319 Bauhaus botk/18-06-04 20180605
{
   #TRANS 1930 {} -115.00
   #TRANS 1799 {} 115.00
}
#VER A 419 20220319 St1 botkyrka/18-06-04 20180605
{
   #TRANS 1930 {} -100.37
   #TRANS 1799 {} 100.37
}
#VER A 420 20220319 Bg 222-9698 20180607
{
   #TRANS 1930 {} 129900.00
   #TRANS 1910 {} -129900.00
}
#VER A 421 20220319 52650094087 20180607
{
   #TRANS 1930 {} -107000.00
   #TRANS 1799 {} 107000.00
}
#VER A 422 20220319 Ingo soderte/18-06-06 20180607
{
   #TRANS 1930 {} -200.46
   #TRANS 1799 {} 200.46
}
#VER A 423 20220319 Tiptapp rese/18-06-05 20180607
{
   #TRANS 1930 {} -500.00
   #TRANS 1799 {} 500.00
}
#VER A 424 20220319 Bg 222-9698 20180608
{
   #TRANS 1930 {} 152796.00
   #TRANS 1910 {} -152796.00
}
#VER A 425 20220319 Postvxl 20180608
{
   #TRANS 1930 {} 216000.00
   #TRANS 1910 {} -216000.00
}
#VER A 426 20220319 Sook        /18-06-06 20180608
{
   #TRANS 1930 {} -225.00
   #TRANS 1799 {} 225.00
}
#VER A 427 20220319 St1 alby    /18-06-07 20180608
{
   #TRANS 1930 {} -306.94
   #TRANS 1799 {} 306.94
}
#VER A 428 20220319 Netonnet kun/18-06-08 20180611
{
   #TRANS 1930 {} -2799.00
   #TRANS 1799 {} 2799.00
}
#VER A 429 20220319 90238457364 20180611
{
   #TRANS 1930 {} -3552.00
   #TRANS 1799 {} 3552.00
}
#VER A 430 20220319 Bauhaus botk/18-06-10 20180611
{
   #TRANS 1930 {} -259.00
   #TRANS 1799 {} 259.00
}
#VER A 431 20220319 Postnord sverige AB ao m 20180612
{
   #TRANS 1930 {} -44.00
   #TRANS 1799 {} 44.00
}
#VER A 432 20220319 Ingo soderte/18-06-10 20180612
{
   #TRANS 1930 {} -302.21
   #TRANS 1799 {} 302.21
}
#VER A 433 20220319 Fortnox finans AB 20180613
{
   #TRANS 1930 {} -869.00
   #TRANS 1799 {} 869.00
}
#VER A 434 20220319 Autoconcept insurance AB 20180613
{
   #TRANS 1930 {} -10790.00
   #TRANS 2893 {} 10790.00
}
#VER A 435 20220319 Trafikförsäkringsförenin 20180613
{
   #TRANS 1930 {} -818.00
   #TRANS 1799 {} 818.00
}
#VER A 436 20220319 Smista porsc/18-06-12 20180613
{
   #TRANS 1930 {} -100.00
   #TRANS 1799 {} 100.00
}
#VER A 437 20220319 35314369001 /18-06-12 20180613
{
   #TRANS 1930 {} -2677.36
   #TRANS 1799 {} 2677.36
}
#VER A 438 20220319 281658494630 20180614
{
   #TRANS 1930 {} -3169.28
   #TRANS 1799 {} 3169.28
}
#VER A 439 20220319 Kostnad 20180614
{
   #TRANS 1930 {} -35.00
   #TRANS 1799 {} 35.00
}
#VER A 440 20220319 Skavsta flyg/18-06-13 20180614
{
   #TRANS 1930 {} -25.00
   #TRANS 1799 {} 25.00
}
#VER A 441 20220319 Waynes coffe/18-06-13 20180614
{
   #TRANS 1930 {} -66.00
   #TRANS 1799 {} 66.00
}
#VER A 442 20220319 Preem       /18-06-13 20180615
{
   #TRANS 1930 {} -300.00
   #TRANS 1799 {} 300.00
}
#VER A 443 20220319 Okq8        /18-06-13 20180615
{
   #TRANS 1930 {} -150.45
   #TRANS 1799 {} 150.45
}
#VER A 444 20220319 Biltema swed/18-06-14 20180615
{
   #TRANS 1930 {} -143.60
   #TRANS 1799 {} 143.60
}
#VER A 445 20220319 Maxi ica sto/18-06-15 20180618
{
   #TRANS 1930 {} -75.00
   #TRANS 1799 {} 75.00
}
#VER A 446 20220319 Ingo soderte/18-06-15 20180618
{
   #TRANS 1930 {} -200.14
   #TRANS 1799 {} 200.14
}
#VER A 447 20220319 Djurgardsbro/18-06-15 20180618
{
   #TRANS 1930 {} -426.00
   #TRANS 1799 {} 426.00
}
#VER A 448 20220319 Shell 7-11 6/18-06-17 20180618
{
   #TRANS 1930 {} -152.56
   #TRANS 1799 {} 152.56
}
#VER A 449 20220319 Ingo soderte/18-06-16 20180618
{
   #TRANS 1930 {} -100.30
   #TRANS 1799 {} 100.30
}
#VER A 450 20220319 Preem       /18-06-16 20180618
{
   #TRANS 1930 {} -300.44
   #TRANS 1799 {} 300.44
}
#VER A 451 20220319 Ingo soderte/18-06-18 20180619
{
   #TRANS 1930 {} -515.48
   #TRANS 1799 {} 515.48
}
#VER A 452 20220319 Fordonsskatt transportst 20180620
{
   #TRANS 1930 {} -410.00
   #TRANS 1630 {} 410.00
}
#VER A 453 20220319 Tele2 sverige AB 20180620
{
   #TRANS 1930 {} -648.00
   #TRANS 1799 {} 648.00
}
#VER A 454 20220319 Svea ekonomi AB 20180620
{
   #TRANS 1930 {} -1675.00
   #TRANS 1799 {} 1675.00
}
#VER A 455 20220319 52060225132 20180620
{
   #TRANS 1930 {} -75000.00
   #TRANS 1799 {} 75000.00
}
#VER A 456 20220319 Åberg vtc pa/18-06-19 20180620
{
   #TRANS 1930 {} -10088.00
   #TRANS 1799 {} 10088.00
}
#VER A 457 20220319 Fordonsskatt transportst 20180621
{
   #TRANS 1930 {} -100.00
   #TRANS 1630 {} 100.00
}
#VER A 458 20220319 Bg 222-9698 20180621
{
   #TRANS 1930 {} 89520.00
   #TRANS 1910 {} -89520.00
}
#VER A 459 20220319 Bauhaus botk/18-06-20 20180621
{
   #TRANS 1930 {} -199.00
   #TRANS 1799 {} 199.00
}
#VER A 460 20220319 Iz  janssons/18-06-20 20180621
{
   #TRANS 1930 {} -1300.00
   #TRANS 1799 {} 1300.00
}
#VER A 461 20220319 Biltema swed/18-06-21 20180625
{
   #TRANS 1930 {} -173.00
   #TRANS 1799 {} 173.00
}
#VER A 462 20220319 Botkyrka mek/18-06-21 20180625
{
   #TRANS 1930 {} -3000.00
   #TRANS 1799 {} 3000.00
}
#VER A 463 20220319 St1 alby    /18-06-21 20180625
{
   #TRANS 1930 {} -300.39
   #TRANS 1799 {} 300.39
}
#VER A 464 20220319 Microsoft   /18-06-21 20180625
{
   #TRANS 1930 {} -899.00
   #TRANS 1799 {} 899.00
}
#VER A 465 20220319 Circle k nyk/18-06-24 20180625
{
   #TRANS 1930 {} -247.97
   #TRANS 1799 {} 247.97
}
#VER A 466 20220319 Okq8        /18-06-22 20180626
{
   #TRANS 1930 {} -902.37
   #TRANS 1799 {} 902.37
}
#VER A 467 20220319 Shell 7-11 6/18-06-25 20180626
{
   #TRANS 1930 {} -200.31
   #TRANS 1799 {} 200.31
}
#VER A 468 20220319 Qstar sankt /18-06-23 20180626
{
   #TRANS 1930 {} -897.33
   #TRANS 1799 {} 897.33
}
#VER A 469 20220319 46739154161 20180627
{
   #TRANS 1930 {} 30800.00
   #TRANS 1910 {} -30800.00
}
#VER A 470 20220319 46738104883 20180628
{
   #TRANS 1930 {} 20000.00
   #TRANS 1910 {} -20000.00
}
#VER A 471 20220319 46738104883 20180628
{
   #TRANS 1930 {} 9339.00
   #TRANS 1910 {} -9339.00
}
#VER A 472 20220319 Maxi ica sto/18-06-27 20180628
{
   #TRANS 1930 {} -90.00
   #TRANS 1799 {} 90.00
}
#VER A 473 20220319 Biltema swed/18-06-27 20180628
{
   #TRANS 1930 {} -109.80
   #TRANS 1799 {} 109.80
}
#VER A 474 20220319 Santander consumer bank 20180629
{
   #TRANS 1930 {} -115083.00
   #TRANS 1799 {} 115083.00
}
#VER A 475 20220319 Shell 7-11 6/18-06-28 20180629
{
   #TRANS 1930 {} -200.94
   #TRANS 1799 {} 200.94
}
#VER A 476 20220319 Bauhaus botk/18-06-28 20180629
{
   #TRANS 1930 {} -1000.00
   #TRANS 1799 {} 1000.00
}
#VER A 477 20220319 Bauhaus botk/18-06-28 20180629
{
   #TRANS 1930 {} -84.95
   #TRANS 1799 {} 84.95
}
#VER A 478 20220319 46722211755 20180702
{
   #TRANS 1930 {} 32000.00
   #TRANS 1910 {} -32000.00
}
#VER A 479 20220319 Bauhaus botk/18-06-29 20180702
{
   #TRANS 1930 {} 761.50
   #TRANS 1910 {} -761.50
}
#VER A 480 20220319 Nordea finans sverige AB 20180702
{
   #TRANS 1930 {} -152410.00
   #TRANS 1799 {} 152410.00
}
#VER A 481 20220319 If skadeförs 20180702
{
   #TRANS 1930 {} -703.00
   #TRANS 1799 {} 703.00
}
#VER A 482 20220319 Bg 222-9698 20180702
{
   #TRANS 1930 {} 7410.00
   #TRANS 1910 {} -7410.00
}
#VER A 483 20220319 281838615512 20180702
{
   #TRANS 1930 {} -10506.66
   #TRANS 1799 {} 10506.66
}
#VER A 484 20220319 Kostnad 20180702
{
   #TRANS 1930 {} -35.00
   #TRANS 1799 {} 35.00
}
#VER A 485 20220319 Rusta borkyr/18-06-30 20180702
{
   #TRANS 1930 {} -35.00
   #TRANS 1799 {} 35.00
}
#VER A 486 20220319 St1 alby    /18-06-30 20180702
{
   #TRANS 1930 {} -200.10
   #TRANS 1799 {} 200.10
}
#VER A 487 20220319 Shell 7-11 6/18-06-30 20180702
{
   #TRANS 1930 {} -200.79
   #TRANS 1799 {} 200.79
}
#VER A 488 20220319 Fordonsskatt transportst 20180703
{
   #TRANS 1930 {} -50.00
   #TRANS 1630 {} 50.00
}
#VER A 489 20220319 Autoconcept insurance AB 20180703
{
   #TRANS 1930 {} -3395.00
   #TRANS 2893 {} 3395.00
}
#VER A 490 20220319 Trafikförsäkringsförenin 20180703
{
   #TRANS 1930 {} -1168.00
   #TRANS 1799 {} 1168.00
}
#VER A 491 20220319 Trafikförsäkringsförenin 20180703
{
   #TRANS 1930 {} -1285.00
   #TRANS 1799 {} 1285.00
}
#VER A 492 20220319 Svea ekonomi AB 20180703
{
   #TRANS 1930 {} -850.00
   #TRANS 1799 {} 850.00
}
#VER A 493 20220319 Energikundservice sverig 20180703
{
   #TRANS 1930 {} -409.00
   #TRANS 1799 {} 409.00
}
#VER A 494 20220319 32550097335 20180703
{
   #TRANS 1930 {} -149000.00
   #TRANS 1799 {} 149000.00
}
#VER A 495 20220319 Bg 222-9698 20180703
{
   #TRANS 1930 {} 123200.00
   #TRANS 1910 {} -123200.00
}
#VER A 496 20220319 Ingo soderte/18-07-02 20180703
{
   #TRANS 1930 {} -201.35
   #TRANS 1799 {} 201.35
}
#VER A 497 20220319 Biltema swed/18-07-02 20180703
{
   #TRANS 1930 {} -149.70
   #TRANS 1799 {} 149.70
}
#VER A 498 20220319 Ica supermar/18-07-03 20180704
{
   #TRANS 1930 {} -24.90
   #TRANS 1799 {} 24.90
}
#VER A 499 20220319 Ica supermar/18-07-03 20180704
{
   #TRANS 1930 {} -230.00
   #TRANS 1799 {} 230.00
}
#VER A 500 20220319 Circle k kni/18-07-04 20180705
{
   #TRANS 1930 {} -200.93
   #TRANS 1799 {} 200.93
}
#VER A 501 20220319 Circle k kni/18-07-04 20180705
{
   #TRANS 1930 {} -200.93
   #TRANS 1799 {} 200.93
}
#VER A 502 20220319 Shell 7-11 6/18-07-05 20180705
{
   #TRANS 1930 {} -400.13
   #TRANS 1799 {} 400.13
}
#VER A 503 20220319 Norwegian328/18-07-04 20180706
{
   #TRANS 1930 {} -567.00
   #TRANS 1799 {} 567.00
}
#VER A 504 20220319 46762757057 20180709
{
   #TRANS 1930 {} 26800.00
   #TRANS 1910 {} -26800.00
}
#VER A 505 20220319 Swedavia arn/18-07-08 20180709
{
   #TRANS 1930 {} -599.00
   #TRANS 1799 {} 599.00
}
#VER A 506 20220319 Trängselskatt transports 20180710
{
   #TRANS 1930 {} -162.00
   #TRANS 1630 {} 162.00
}
#VER A 507 20220319 13270100248 20180710
{
   #TRANS 1930 {} -23800.00
   #TRANS 1799 {} 23800.00
}
#VER A 508 20220319 Ingo soderte/18-07-09 20180710
{
   #TRANS 1930 {} -300.39
   #TRANS 1799 {} 300.39
}
#VER A 509 20220319 Bauhaus botk/18-07-09 20180710
{
   #TRANS 1930 {} 149.00
   #TRANS 1910 {} -149.00
}
#VER A 510 20220319 Bauhaus botk/18-07-09 20180710
{
   #TRANS 1930 {} -149.00
   #TRANS 1799 {} 149.00
}
#VER A 511 20220319 Direkten hal/18-07-09 20180710
{
   #TRANS 1930 {} -82.00
   #TRANS 1799 {} 82.00
}
#VER A 512 20220319 St1 alby    /18-07-09 20180710
{
   #TRANS 1930 {} -100.22
   #TRANS 1799 {} 100.22
}
#VER A 513 20220319 Maxi ica sto/18-07-10 20180711
{
   #TRANS 1930 {} -104.80
   #TRANS 1799 {} 104.80
}
#VER A 514 20220319 Maxi ica sto/18-07-10 20180711
{
   #TRANS 1930 {} -2.00
   #TRANS 1799 {} 2.00
}
#VER A 515 20220319 Max i sodert/18-07-09 20180711
{
   #TRANS 1930 {} -121.00
   #TRANS 1799 {} 121.00
}
#VER A 516 20220319 Svea ekonomi AB 20180712
{
   #TRANS 1930 {} -850.00
   #TRANS 1799 {} 850.00
}
#VER A 517 20220319 Svea ekonomi AB 20180712
{
   #TRANS 1930 {} -1675.00
   #TRANS 1799 {} 1675.00
}
#VER A 518 20220319 Sergel kredittjänster AB 20180712
{
   #TRANS 1930 {} -842.00
   #TRANS 1799 {} 842.00
}
#VER A 519 20220319 Reparera bil/18-07-11 20180712
{
   #TRANS 1930 {} -200.00
   #TRANS 1799 {} 200.00
}
#VER A 520 20220319 St1 botkyrka/18-07-11 20180712
{
   #TRANS 1930 {} -500.25
   #TRANS 1799 {} 500.25
}
#VER A 521 20220319 650901829900 20180713
{
   #TRANS 1930 {} -140000.00
   #TRANS 1799 {} 140000.00
}
#VER A 522 20220319 Hornbach byg/18-07-12 20180713
{
   #TRANS 1930 {} -135.00
   #TRANS 1799 {} 135.00
}
#VER A 523 20220319 Rusta borkyr/18-07-12 20180713
{
   #TRANS 1930 {} -698.00
   #TRANS 1799 {} 698.00
}
#VER A 524 20220319 Ingo soderte/18-07-13 20180716
{
   #TRANS 1930 {} -760.63
   #TRANS 1799 {} 760.63
}
#VER A 525 20220319 Biltema swed/18-07-14 20180716
{
   #TRANS 1930 {} -64.90
   #TRANS 1799 {} 64.90
}
#VER A 526 20220319 Shell 7-11 6/18-07-14 20180716
{
   #TRANS 1930 {} -150.35
   #TRANS 1799 {} 150.35
}
#VER A 527 20220319 Benevento pi/18-07-14 20180716
{
   #TRANS 1930 {} -338.00
   #TRANS 1799 {} 338.00
}
#VER A 528 20220319 Vp autoparts/18-07-14 20180716
{
   #TRANS 1930 {} -2791.00
   #TRANS 1799 {} 2791.00
}
#VER A 529 20220319 Bg 222-9698 20180717
{
   #TRANS 1930 {} 157000.00
   #TRANS 1910 {} -157000.00
}
#VER A 530 20220319 300 auto AB 20180717
{
   #TRANS 1930 {} 100000.00
   #TRANS 1910 {} -100000.00
}
#VER A 531 20220319 Ingo soderte/18-07-16 20180717
{
   #TRANS 1930 {} -200.45
   #TRANS 1799 {} 200.45
}
#VER A 532 20220319 Bilprovninge/18-07-16 20180717
{
   #TRANS 1930 {} -395.00
   #TRANS 1799 {} 395.00
}
#VER A 533 20220319 Volkswagen finans sverig 20180718
{
   #TRANS 1930 {} -280570.00
   #TRANS 1799 {} 280570.00
}
#VER A 534 20220319 Ingo soderte/18-07-17 20180718
{
   #TRANS 1930 {} -1056.82
   #TRANS 1799 {} 1056.82
}
#VER A 535 20220319 Ica supermar/18-07-18 20180719
{
   #TRANS 1930 {} -130.00
   #TRANS 1799 {} 130.00
}
#VER A 536 20220319 Bg 222-9698 20180720
{
   #TRANS 1930 {} 128000.00
   #TRANS 1910 {} -128000.00
}
#VER A 537 20220319 St1 botkyrka/18-07-19 20180720
{
   #TRANS 1930 {} -200.33
   #TRANS 1799 {} 200.33
}
#VER A 538 20220319 8510140273 20180723
{
   #TRANS 1930 {} -4917.00
   #TRANS 1799 {} 4917.00
}
#VER A 539 20220319 Biltema swed/18-07-21 20180723
{
   #TRANS 1930 {} -24.90
   #TRANS 1799 {} 24.90
}
#VER A 540 20220319 Div avgifter transportst 20180724
{
   #TRANS 1930 {} -2000.00
   #TRANS 1799 {} 2000.00
}
#VER A 541 20220319 Maxi ica sto/18-07-23 20180724
{
   #TRANS 1930 {} -90.00
   #TRANS 1799 {} 90.00
}
#VER A 542 20220319 Mtech worksh/18-07-23 20180724
{
   #TRANS 1930 {} -6467.00
   #TRANS 1799 {} 6467.00
}
#VER A 543 20220319 Avser försäk 20180725
{
   #TRANS 1930 {} 192.00
   #TRANS 1910 {} -192.00
}
#VER A 544 20220319 Bg 222-9698 20180725
{
   #TRANS 1930 {} 347200.00
   #TRANS 1910 {} -347200.00
}
#VER A 545 20220319 53543391674 20180725
{
   #TRANS 1930 {} -100000.00
   #TRANS 1799 {} 100000.00
}
#VER A 546 20220319 Tele 2 moto /18-07-24 20180725
{
   #TRANS 1930 {} -407.00
   #TRANS 1799 {} 407.00
}
#VER A 547 20220319 653929251172 20180726
{
   #TRANS 1930 {} -79430.00
   #TRANS 1799 {} 79430.00
}
#VER A 548 20220319 8602130372 20180726
{
   #TRANS 1930 {} -90000.00
   #TRANS 1799 {} 90000.00
}
#VER A 549 20220319 Bg 222-9698 20180726
{
   #TRANS 1930 {} 116856.00
   #TRANS 1910 {} -116856.00
}
#VER A 550 20220319 53543391674 20180727
{
   #TRANS 1930 {} -1000.00
   #TRANS 1799 {} 1000.00
}
#VER A 551 20220319 53543391674 20180727
{
   #TRANS 1930 {} -300000.00
   #TRANS 1799 {} 300000.00
}
#VER A 552 20220319 53543382608 20180727
{
   #TRANS 1930 {} -52000.00
   #TRANS 1799 {} 52000.00
}
#VER A 553 20220319 815 teknikma/18-07-26 20180727
{
   #TRANS 1930 {} -299.99
   #TRANS 1799 {} 299.99
}
#VER A 554 20220319 St1 alby    /18-07-26 20180727
{
   #TRANS 1930 {} -300.74
   #TRANS 1799 {} 300.74
}
#VER A 555 20220319 Shell 7-11 6/18-07-27 20180730
{
   #TRANS 1930 {} -568.62
   #TRANS 1799 {} 568.62
}
#VER A 556 20220319 Reparera bil/18-07-27 20180731
{
   #TRANS 1930 {} -2000.00
   #TRANS 1799 {} 2000.00
}
#VER A 557 20220319 300 auto AB 20180801
{
   #TRANS 1930 {} 7000.00
   #TRANS 1910 {} -7000.00
}
#VER A 558 20220319 300 auto AB 20180801
{
   #TRANS 1930 {} 20000.00
   #TRANS 1910 {} -20000.00
}
#VER A 559 20220319 Hagman europatransporter 20180802
{
   #TRANS 1930 {} -15000.00
   #TRANS 1799 {} 15000.00
}
#VER A 560 20220319 300 auto AB 20180802
{
   #TRANS 1930 {} 10000.00
   #TRANS 1910 {} -10000.00
}
#VER A 561 20220319 300 auto AB 20180802
{
   #TRANS 1930 {} 30000.00
   #TRANS 1910 {} -30000.00
}
#VER A 562 20220319 13270100248 20180802
{
   #TRANS 1930 {} -23800.00
   #TRANS 1799 {} 23800.00
}
#VER A 563 20220319 SEB factoring/frilansfin 20180803
{
   #TRANS 1930 {} -2750.00
   #TRANS 1799 {} 2750.00
}
#VER A 564 20220319 Autoconcept insurance AB 20180803
{
   #TRANS 1930 {} -3595.00
   #TRANS 2893 {} 3595.00
}
#VER A 565 20220319 Autoconcept insurance AB 20180803
{
   #TRANS 1930 {} -3955.00
   #TRANS 2893 {} 3955.00
}
#VER A 566 20220319 Okq8        /18-08-01 20180803
{
   #TRANS 1930 {} -1143.23
   #TRANS 1799 {} 1143.23
}
#VER A 567 20220319 Shell 7-11 6/18-08-02 20180803
{
   #TRANS 1930 {} -200.06
   #TRANS 1799 {} 200.06
}
#VER A 568 20220319 Madrid      /18-08-01 20180803
{
   #TRANS 1930 {} -5340.35
   #TRANS 1799 {} 5340.35
}
#VER A 569 20220319 Ingo soderte/18-08-03 20180806
{
   #TRANS 1930 {} -300.48
   #TRANS 1799 {} 300.48
}
#VER A 570 20220319 Stjarnans bi/18-08-03 20180806
{
   #TRANS 1930 {} -4045.00
   #TRANS 1799 {} 4045.00
}
#VER A 571 20220319 832799942094 20180807
{
   #TRANS 1930 {} -3800.00
   #TRANS 1799 {} 3800.00
}
#VER A 572 20220319 Maxi ica sto/18-08-06 20180807
{
   #TRANS 1930 {} -166.70
   #TRANS 1799 {} 166.70
}
#VER A 573 20220319 Okq8        /18-08-06 20180808
{
   #TRANS 1930 {} -967.78
   #TRANS 1799 {} 967.78
}
#VER A 574 20220319 300 auto AB 20180809
{
   #TRANS 1930 {} 1000.00
   #TRANS 1910 {} -1000.00
}
#VER A 575 20220319 Trängselskatt transports 20180810
{
   #TRANS 1930 {} -81.00
   #TRANS 1630 {} 81.00
}
#VER A 576 20220319 Trängselskatt transports 20180810
{
   #TRANS 1930 {} -266.00
   #TRANS 1630 {} 266.00
}
#VER A 577 20220319 300 auto AB 20180815
{
   #TRANS 1930 {} 20000.00
   #TRANS 1910 {} -20000.00
}
#VER A 578 20220319 46705880241 20180815
{
   #TRANS 1930 {} 102000.00
   #TRANS 1910 {} -102000.00
}
#VER A 579 20220319 53640166280 20180815
{
   #TRANS 1930 {} -85000.00
   #TRANS 1799 {} 85000.00
}
#VER A 580 20220319 Huddinge billack AB 20180816
{
   #TRANS 1930 {} -1875.00
   #TRANS 1799 {} 1875.00
}
#VER A 581 20220319 Huddinge billack AB 20180816
{
   #TRANS 1930 {} -3125.00
   #TRANS 1799 {} 3125.00
}
#VER A 582 20220319 Huddinge billack AB 20180816
{
   #TRANS 1930 {} -5000.00
   #TRANS 1799 {} 5000.00
}
#VER A 583 20220319 Huddinge billack AB 20180816
{
   #TRANS 1930 {} -5625.00
   #TRANS 1799 {} 5625.00
}
#VER A 584 20220319 Www dackonli/18-08-15 20180816
{
   #TRANS 1930 {} -2760.00
   #TRANS 1799 {} 2760.00
}
#VER A 585 20220319 Skruvat     /18-08-17 20180820
{
   #TRANS 1930 {} -1013.75
   #TRANS 1799 {} 1013.75
}
#VER A 586 20220319 Digital redovisning 20180821
{
   #TRANS 1930 {} -6298.00
   #TRANS 1799 {} 6298.00
}
#VER A 587 20220319 Energikundservice sverig 20180821
{
   #TRANS 1930 {} -278.00
   #TRANS 1799 {} 278.00
}
#VER A 588 20220319 46705880241 20180822
{
   #TRANS 1930 {} 2244.00
   #TRANS 1910 {} -2244.00
}
#VER A 589 20220319 Shell 7-11 6/18-08-24 20180827
{
   #TRANS 1930 {} -969.66
   #TRANS 1799 {} 969.66
}
#VER A 590 20220319 300 auto AB 20180827
{
   #TRANS 1930 {} 20000.00
   #TRANS 1910 {} -20000.00
}
#VER A 591 20220319 50010446540 20180827
{
   #TRANS 1930 {} -20000.00
   #TRANS 1799 {} 20000.00
}
#VER A 592 20220319 Atracco     /18-08-24 20180827
{
   #TRANS 1930 {} -1125.00
   #TRANS 1799 {} 1125.00
}
#VER A 593 20220319 300 auto AB 20180828
{
   #TRANS 1930 {} 187500.00
   #TRANS 1910 {} -187500.00
}
#VER A 594 20220319 Bg 222-9698 20180828
{
   #TRANS 1930 {} 41400.00
   #TRANS 1910 {} -41400.00
}
#VER A 595 20220319 Njf474 20180828
{
   #TRANS 1930 {} -187500.00
   #TRANS 1799 {} 187500.00
}
#VER A 596 20220319 13270100248 20180828
{
   #TRANS 1930 {} -23800.00
   #TRANS 1799 {} 23800.00
}
#VER A 597 20220319 Autoconcept insurance AB 20180829
{
   #TRANS 1930 {} -2543.00
   #TRANS 2893 {} 2543.00
}
#VER A 598 20220319 300 auto AB 20180829
{
   #TRANS 1930 {} 138000.00
   #TRANS 1910 {} -138000.00
}
#VER A 599 20220319 Shell 7-11 6/18-08-28 20180829
{
   #TRANS 1930 {} -100.29
   #TRANS 1799 {} 100.29
}
#VER A 600 20220319 Dnb bank ASA filial sver 20180830
{
   #TRANS 1930 {} -132983.00
   #TRANS 1799 {} 132983.00
}
#VER A 601 20220319 H28383109526 20180830
{
   #TRANS 1930 {} 169900.00
   #TRANS 1910 {} -169900.00
}
#VER A 602 20220319 Kostnad 20180830
{
   #TRANS 1930 {} -17.00
   #TRANS 1799 {} 17.00
}
#VER A 603 20220319 Banktjänster 20180830
{
   #TRANS 1930 {} -111.50
   #TRANS 6570 {} 111.50
}
#VER A 604 20220319 Signalen AB /18-08-28 20180830
{
   #TRANS 1930 {} -1779.00
   #TRANS 1799 {} 1779.00
}
#VER A 605 20220319 Shell 7-11 6/18-08-29 20180830
{
   #TRANS 1930 {} -200.98
   #TRANS 1799 {} 200.98
}
#VER A 606 20220319 Stjarnans bi/18-08-29 20180830
{
   #TRANS 1930 {} -1969.00
   #TRANS 1799 {} 1969.00
}
#VER A 607 20220319 Tele 2 moto /18-08-28 20180830
{
   #TRANS 1930 {} -451.00
   #TRANS 1799 {} 451.00
}
#VER A 608 20220319 Tele 2 moto /18-08-28 20180830
{
   #TRANS 1930 {} -664.00
   #TRANS 1799 {} 664.00
}
#VER A 609 20220319 Svea ekonomi AB 20180831
{
   #TRANS 1930 {} -850.00
   #TRANS 1799 {} 850.00
}
#VER A 610 20220319 Svea ekonomi AB 20180831
{
   #TRANS 1930 {} -1675.00
   #TRANS 1799 {} 1675.00
}
#VER A 611 20220319 Sector alarm företag/pay 20180831
{
   #TRANS 1930 {} -1026.75
   #TRANS 1799 {} 1026.75
}
#VER A 612 20220319 Fordonsskatt transportst 20180831
{
   #TRANS 1930 {} -50.00
   #TRANS 1630 {} 50.00
}
#VER A 613 20220319 Fordonsskatt transportst 20180831
{
   #TRANS 1930 {} -50.00
   #TRANS 1630 {} 50.00
}
#VER A 614 20220319 Fordonsskatt transportst 20180831
{
   #TRANS 1930 {} -2244.00
   #TRANS 1630 {} 2244.00
}
#VER A 615 20220319 Trafikförsäkringsförenin 20180831
{
   #TRANS 1930 {} -234.00
   #TRANS 1799 {} 234.00
}
#VER A 616 20220319 53640166280 20180831
{
   #TRANS 1930 {} -10000.00
   #TRANS 1799 {} 10000.00
}
#VER A 617 20220319 Jula AB     /18-08-30 20180831
{
   #TRANS 1930 {} -278.70
   #TRANS 1799 {} 278.70
}
#VER A 618 20220319 Maxi ica sto/18-08-30 20180831
{
   #TRANS 1930 {} -678.00
   #TRANS 1799 {} 678.00
}
#VER A 619 20220319 Circle k sta/18-08-31 20180903
{
   #TRANS 1930 {} -501.11
   #TRANS 1799 {} 501.11
}
#VER A 620 20220319 Sj internetb/18-08-31 20180903
{
   #TRANS 1930 {} -195.00
   #TRANS 1799 {} 195.00
}
#VER A 621 20220319 If skadeförs 20180903
{
   #TRANS 1930 {} -3637.00
   #TRANS 1799 {} 3637.00
}
#VER A 622 20220319 Taxiresa    /18-09-01 20180903
{
   #TRANS 1930 {} -311.00
   #TRANS 1799 {} 311.00
}
#VER A 623 20220319 Felparkeringsavgift tran 20180904
{
   #TRANS 1930 {} -750.00
   #TRANS 1799 {} 750.00
}
#VER A 624 20220319 Okq8        /18-09-02 20180904
{
   #TRANS 1930 {} -800.01
   #TRANS 1799 {} 800.01
}
#VER A 625 20220319 Biltema swed/18-09-03 20180904
{
   #TRANS 1930 {} -69.90
   #TRANS 1799 {} 69.90
}
#VER A 626 20220319 Shell 7-11 6/18-09-04 20180905
{
   #TRANS 1930 {} -300.40
   #TRANS 1799 {} 300.40
}
#VER A 627 20220319 Kjell & co 5/18-09-05 20180906
{
   #TRANS 1930 {} -59.80
   #TRANS 1799 {} 59.80
}
#VER A 628 20220319 Shell 7-11 6/18-09-05 20180906
{
   #TRANS 1930 {} -200.20
   #TRANS 1799 {} 200.20
}
#VER A 629 20220319 Sodertalje b/18-09-05 20180906
{
   #TRANS 1930 {} -400.00
   #TRANS 1799 {} 400.00
}
#VER A 630 20220319 Ica supermar/18-09-07 20180910
{
   #TRANS 1930 {} -155.00
   #TRANS 1799 {} 155.00
}
#VER A 631 20220319 Biltema swed/18-09-07 20180910
{
   #TRANS 1930 {} -224.60
   #TRANS 1799 {} 224.60
}
#VER A 632 20220319 Shell 7-11 6/18-09-09 20180910
{
   #TRANS 1930 {} -200.06
   #TRANS 1799 {} 200.06
}
#VER A 633 20220319 Biltema swed/18-09-08 20180910
{
   #TRANS 1930 {} -79.80
   #TRANS 1799 {} 79.80
}
#VER A 634 20220319 Clas ohlson /18-09-05 20180911
{
   #TRANS 1930 {} -59.80
   #TRANS 1799 {} 59.80
}
#VER A 635 20220319 Circle k kun/18-09-10 20180911
{
   #TRANS 1930 {} -600.00
   #TRANS 1799 {} 600.00
}
#VER A 636 20220319 Trängselskatt transports 20180912
{
   #TRANS 1930 {} -500.00
   #TRANS 1630 {} 500.00
}
#VER A 637 20220319 Saluvagnsskatt transport 20180912
{
   #TRANS 1930 {} -438.00
   #TRANS 1630 {} 438.00
}
#VER A 638 20220319 Autounique i stockholm a 20180913
{
   #TRANS 1930 {} -4586.00
   #TRANS 2893 {} 4586.00
}
#VER A 639 20220319 Bg 222-9698 20180913
{
   #TRANS 1930 {} 165600.00
   #TRANS 1910 {} -165600.00
}
#VER A 640 20220319 Maxi ica sto/18-09-12 20180913
{
   #TRANS 1930 {} -159.00
   #TRANS 1799 {} 159.00
}
#VER A 641 20220319 Hotel kringe/18-09-12 20180913
{
   #TRANS 1930 {} -850.25
   #TRANS 1799 {} 850.25
}
#VER A 642 20220319 Bg 222-9698 20180914
{
   #TRANS 1930 {} 19980.00
   #TRANS 1910 {} -19980.00
}
#VER A 643 20220319 Maxi ica sto/18-09-13 20180914
{
   #TRANS 1930 {} -139.00
   #TRANS 1799 {} 139.00
}
#VER A 644 20220319 52570054925 20180917
{
   #TRANS 1930 {} -80000.00
   #TRANS 1799 {} 80000.00
}
#VER A 645 20220319 Biltema swed/18-09-14 20180917
{
   #TRANS 1930 {} -218.00
   #TRANS 1799 {} 218.00
}
#VER A 646 20220319 53640166280 20180917
{
   #TRANS 1930 {} -8700.00
   #TRANS 1799 {} 8700.00
}
#VER A 647 20220319 Paypal  bike/18-09-15 20180917
{
   #TRANS 1930 {} -433.64
   #TRANS 1799 {} 433.64
}
#VER A 648 20220319 Paypal  pitn/18-09-15 20180917
{
   #TRANS 1930 {} -160.24
   #TRANS 1799 {} 160.24
}
#VER A 649 20220319 Comviq se   /18-09-15 20180917
{
   #TRANS 1930 {} -145.00
   #TRANS 1799 {} 145.00
}
#VER A 650 20220319 Clean expres/18-09-17 20180918
{
   #TRANS 1930 {} -60.00
   #TRANS 1799 {} 60.00
}
#VER A 651 20220319 London      /18-09-17 20180918
{
   #TRANS 1930 {} -362.82
   #TRANS 1799 {} 362.82
}
#VER A 652 20220319 Bauhaus botk/18-09-18 20180919
{
   #TRANS 1930 {} -189.00
   #TRANS 1799 {} 189.00
}
#VER A 653 20220319 Bauhaus botk/18-09-18 20180919
{
   #TRANS 1930 {} -4890.00
   #TRANS 1799 {} 4890.00
}
#VER A 654 20220319 282649123754 20180921
{
   #TRANS 1930 {} -3761.65
   #TRANS 1799 {} 3761.65
}
#VER A 655 20220319 Kostnad 20180921
{
   #TRANS 1930 {} -35.00
   #TRANS 1799 {} 35.00
}
#VER A 656 20220319 Paypal  rjcs/18-09-19 20180921
{
   #TRANS 1930 {} -981.61
   #TRANS 1799 {} 981.61
}
#VER A 657 20220319 Paypal  pitn/18-09-19 20180921
{
   #TRANS 1930 {} -168.33
   #TRANS 1799 {} 168.33
}
#VER A 658 20220319 L i e r a ekonomisk före 20180926
{
   #TRANS 1930 {} -2000.00
   #TRANS 1799 {} 2000.00
}
#VER A 659 20220319 Bg 222-9698 20180926
{
   #TRANS 1930 {} 79920.00
   #TRANS 1910 {} -79920.00
}
#VER A 660 20220319 53640166280 20180926
{
   #TRANS 1930 {} -20000.00
   #TRANS 1799 {} 20000.00
}
#VER A 661 20220319 13270100248 20180927
{
   #TRANS 1930 {} -28800.00
   #TRANS 1799 {} 28800.00
}
#VER A 662 20220319 Stjarnans bi/18-09-26 20180927
{
   #TRANS 1930 {} -800.00
   #TRANS 1799 {} 800.00
}
#VER A 663 20220319 Bilia segelt/18-09-26 20180927
{
   #TRANS 1930 {} -225.00
   #TRANS 1799 {} 225.00
}
#VER A 664 20220319 46764056753 20180928
{
   #TRANS 1930 {} 10000.00
   #TRANS 1910 {} -10000.00
}
#VER A 665 20220319 Bilia segelt/18-09-26 20180928
{
   #TRANS 1930 {} -2801.00
   #TRANS 1799 {} 2801.00
}
#VER A 666 20220319 Part-time ho/18-09-25 20180928
{
   #TRANS 1930 {} -2700.00
   #TRANS 1799 {} 2700.00
}
#VER A 667 20220319 Shell 7-11 6/18-09-28 20181001
{
   #TRANS 1930 {} -199.99
   #TRANS 1799 {} 199.99
}
#VER A 668 20220319 If skadeförs 20181001
{
   #TRANS 1930 {} -1583.00
   #TRANS 1799 {} 1583.00
}
#VER A 669 20220319 300 auto AB 20181001
{
   #TRANS 1930 {} 100000.00
   #TRANS 1910 {} -100000.00
}
#VER A 670 20220319 Circle k kun/18-09-29 20181001
{
   #TRANS 1930 {} -850.00
   #TRANS 1799 {} 850.00
}
#VER A 671 20220319 Shell 7-11 6/18-09-30 20181001
{
   #TRANS 1930 {} -200.00
   #TRANS 1799 {} 200.00
}
#VER A 672 20220319 Yokab AB 20181002
{
   #TRANS 1930 {} -18000.00
   #TRANS 1799 {} 18000.00
}
#VER A 673 20220319 Bostad för dig i stockho 20181002
{
   #TRANS 1930 {} -11250.00
   #TRANS 1799 {} 11250.00
}
#VER A 674 20220319 Sca719 20181002
{
   #TRANS 1930 {} -315000.00
   #TRANS 1799 {} 315000.00
}
#VER A 675 20220319 Bg 222-9698 20181002
{
   #TRANS 1930 {} 20000.00
   #TRANS 1910 {} -20000.00
}
#VER A 676 20220319 Tele2 sverige AB 20181003
{
   #TRANS 1930 {} -451.00
   #TRANS 1799 {} 451.00
}
#VER A 677 20220319 Tele2 sverige AB 20181003
{
   #TRANS 1930 {} -460.00
   #TRANS 1799 {} 460.00
}
#VER A 678 20220319 Tele2 sverige AB 20181003
{
   #TRANS 1930 {} -624.00
   #TRANS 1799 {} 624.00
}
#VER A 679 20220319 Tele2 sverige AB 20181003
{
   #TRANS 1930 {} -802.00
   #TRANS 1799 {} 802.00
}
#VER A 680 20220319 Bg 222-9698 20181003
{
   #TRANS 1930 {} 272000.00
   #TRANS 1910 {} -272000.00
}
#VER A 681 20220319 Rusta borkyr/18-10-02 20181003
{
   #TRANS 1930 {} -35.00
   #TRANS 1799 {} 35.00
}
#VER A 682 20220319 Shell 7-11 6/18-10-03 20181004
{
   #TRANS 1930 {} -100.71
   #TRANS 1799 {} 100.71
}
#VER A 683 20220319 46725851234 20181004
{
   #TRANS 1930 {} 960.00
   #TRANS 1910 {} -960.00
}
#VER A 684 20220319 Shell 7-11 6/18-10-04 20181005
{
   #TRANS 1930 {} -500.00
   #TRANS 1799 {} 500.00
}
#VER A 685 20220319 Taxiservice /18-10-04 20181008
{
   #TRANS 1930 {} -850.00
   #TRANS 1799 {} 850.00
}
#VER A 686 20220319 53640166280 20181008
{
   #TRANS 1930 {} -100000.00
   #TRANS 1799 {} 100000.00
}
#VER A 687 20220319 H04385344140 20181008
{
   #TRANS 1930 {} 11840.00
   #TRANS 1910 {} -11840.00
}
#VER A 688 20220319 Kostnad 20181008
{
   #TRANS 1930 {} -17.00
   #TRANS 1799 {} 17.00
}
#VER A 689 20220319 Bg 222-9698 20181008
{
   #TRANS 1930 {} 10000.00
   #TRANS 1910 {} -10000.00
}
#VER A 690 20220319 Circle k upp/18-10-07 20181008
{
   #TRANS 1930 {} -300.00
   #TRANS 1799 {} 300.00
}
#VER A 691 20220319 Circle k upp/18-10-07 20181008
{
   #TRANS 1930 {} 300.00
   #TRANS 1910 {} -300.00
}
#VER A 692 20220319 Circle k upp/18-10-07 20181008
{
   #TRANS 1930 {} -300.00
   #TRANS 1799 {} 300.00
}
#VER A 693 20220319 Shell 7-11 6/18-10-07 20181008
{
   #TRANS 1930 {} -500.18
   #TRANS 1799 {} 500.18
}
#VER A 694 20220319 Waynes coffe/18-10-07 20181008
{
   #TRANS 1930 {} -58.00
   #TRANS 1799 {} 58.00
}
#VER A 695 20220319 Nya sanibox /18-10-07 20181008
{
   #TRANS 1930 {} -5.00
   #TRANS 1799 {} 5.00
}
#VER A 696 20220319 Sj internetb/18-10-06 20181008
{
   #TRANS 1930 {} -265.00
   #TRANS 1799 {} 265.00
}
#VER A 697 20220319 Biltema swed/18-10-06 20181008
{
   #TRANS 1930 {} -239.00
   #TRANS 1799 {} 239.00
}
#VER A 698 20220319 Biltema swed/18-10-08 20181009
{
   #TRANS 1930 {} -79.90
   #TRANS 1799 {} 79.90
}
#VER A 699 20220319 Bg 222-9698 20181010
{
   #TRANS 1930 {} 63840.00
   #TRANS 1910 {} -63840.00
}
#VER A 700 20220319 46702860777 20181010
{
   #TRANS 1930 {} 10000.00
   #TRANS 1910 {} -10000.00
}
#VER A 701 20220319 Fortus international fin 20181011
{
   #TRANS 1930 {} -1855.00
   #TRANS 1799 {} 1855.00
}
#VER A 702 20220319 6309033105 20181011
{
   #TRANS 1930 {} -64000.00
   #TRANS 1799 {} 64000.00
}
#VER A 703 20220319 Autoconcept insurance AB 20181012
{
   #TRANS 1930 {} -3390.00
   #TRANS 2893 {} 3390.00
}
#VER A 704 20220319 Svea ekonomi AB 20181012
{
   #TRANS 1930 {} -850.00
   #TRANS 1799 {} 850.00
}
#VER A 705 20220319 Svea ekonomi AB 20181012
{
   #TRANS 1930 {} -910.00
   #TRANS 1799 {} 910.00
}
#VER A 706 20220319 282859257989 20181012
{
   #TRANS 1930 {} -1067.28
   #TRANS 1799 {} 1067.28
}
#VER A 707 20220319 Kostnad 20181012
{
   #TRANS 1930 {} -35.00
   #TRANS 1799 {} 35.00
}
#VER A 708 20220319 Bg 222-9698 20181012
{
   #TRANS 1930 {} 279900.00
   #TRANS 1910 {} -279900.00
}
#VER A 709 20220319 Blocket     /18-10-11 20181012
{
   #TRANS 1930 {} -120.00
   #TRANS 1799 {} 120.00
}
#VER A 710 20220319 46762715439 20181015
{
   #TRANS 1930 {} 5000.00
   #TRANS 1910 {} -5000.00
}
#VER A 711 20220319 Bisnode sverige AB 20181015
{
   #TRANS 1930 {} -1530.00
   #TRANS 1799 {} 1530.00
}
#VER A 712 20220319 Trafikförsäkringsförenin 20181015
{
   #TRANS 1930 {} -701.16
   #TRANS 1799 {} 701.16
}
#VER A 713 20220319 6911101936 20181015
{
   #TRANS 1930 {} -275000.00
   #TRANS 1799 {} 275000.00
}
#VER A 714 20220319 Shell 7-11 6/18-10-12 20181015
{
   #TRANS 1930 {} -400.75
   #TRANS 1799 {} 400.75
}
#VER A 715 20220319 Shell 7-11 6/18-10-12 20181015
{
   #TRANS 1930 {} -99.00
   #TRANS 1799 {} 99.00
}
#VER A 716 20220319 Bolagsverket/fakturor 20181016
{
   #TRANS 1930 {} -250.00
   #TRANS 1799 {} 250.00
}
#VER A 717 20220319 46709659327 20181016
{
   #TRANS 1930 {} 10000.00
   #TRANS 1910 {} -10000.00
}
#VER A 718 20220319 Okq8        /18-10-13 20181016
{
   #TRANS 1930 {} -495.31
   #TRANS 1799 {} 495.31
}
#VER A 719 20220319 Okq8        /18-10-14 20181016
{
   #TRANS 1930 {} -200.83
   #TRANS 1799 {} 200.83
}
#VER A 720 20220319 46702860777 20181017
{
   #TRANS 1930 {} 28330.00
   #TRANS 1910 {} -28330.00
}
#VER A 721 20220319 Shell 7-11 6/18-10-16 20181017
{
   #TRANS 1930 {} -200.15
   #TRANS 1799 {} 200.15
}
#VER A 722 20220319 Dnb bank ASA filial sver 20181018
{
   #TRANS 1930 {} -42350.00
   #TRANS 1799 {} 42350.00
}
#VER A 723 20220319 46705655279 20181018
{
   #TRANS 1930 {} 6600.00
   #TRANS 1910 {} -6600.00
}
#VER A 724 20220319 Shell 7-11 6/18-10-17 20181018
{
   #TRANS 1930 {} -500.88
   #TRANS 1799 {} 500.88
}
#VER A 725 20220319 Comviq se   /18-10-17 20181018
{
   #TRANS 1930 {} -145.00
   #TRANS 1799 {} 145.00
}
#VER A 726 20220319 Biltema mora/18-10-17 20181018
{
   #TRANS 1930 {} -89.90
   #TRANS 1799 {} 89.90
}
#VER A 727 20220319 Infrastrukturavgift si 20181019
{
   #TRANS 1930 {} -318.00
   #TRANS 1799 {} 318.00
}
#VER A 728 20220319 Bg 222-9698 20181019
{
   #TRANS 1930 {} 23800.00
   #TRANS 1910 {} -23800.00
}
#VER A 729 20220319 Ica supermar/18-10-18 20181019
{
   #TRANS 1930 {} -130.00
   #TRANS 1799 {} 130.00
}
#VER A 730 20220319 Shell 7-11 6/18-10-18 20181019
{
   #TRANS 1930 {} -500.10
   #TRANS 1799 {} 500.10
}
#VER A 731 20220319 Bg 222-9698 20181022
{
   #TRANS 1930 {} 127920.00
   #TRANS 1910 {} -127920.00
}
#VER A 732 20220319 Paypal  just/18-10-21 20181022
{
   #TRANS 1930 {} -146.83
   #TRANS 1799 {} 146.83
}
#VER A 733 20220319 Ikea-kungens/18-10-20 20181022
{
   #TRANS 1930 {} -1623.00
   #TRANS 1799 {} 1623.00
}
#VER A 734 20220319 Maxi ica sto/18-10-22 20181023
{
   #TRANS 1930 {} -96.95
   #TRANS 1799 {} 96.95
}
#VER A 735 20220319 Www dackonli/18-10-22 20181023
{
   #TRANS 1930 {} -5564.00
   #TRANS 1799 {} 5564.00
}
#VER A 736 20220319 Bilia segelt/18-10-22 20181023
{
   #TRANS 1930 {} -2723.00
   #TRANS 1799 {} 2723.00
}
#VER A 737 20220319 Svea ekonomi AB 20181024
{
   #TRANS 1930 {} -1735.00
   #TRANS 1799 {} 1735.00
}
#VER A 738 20220319 Svea ekonomi AB 20181024
{
   #TRANS 1930 {} -9410.00
   #TRANS 1799 {} 9410.00
}
#VER A 739 20220319 Tele2 sverige AB 20181024
{
   #TRANS 1930 {} -936.00
   #TRANS 1799 {} 936.00
}
#VER A 740 20220319 Lru351 20181024
{
   #TRANS 1930 {} -130000.00
   #TRANS 1799 {} 130000.00
}
#VER A 741 20220319 90243724685 20181024
{
   #TRANS 1930 {} -130000.00
   #TRANS 1799 {} 130000.00
}
#VER A 742 20220319 Shell 7-11 6/18-10-23 20181024
{
   #TRANS 1930 {} -400.13
   #TRANS 1799 {} 400.13
}
#VER A 743 20220319 Shell 7-11 6/18-10-23 20181024
{
   #TRANS 1930 {} -200.10
   #TRANS 1799 {} 200.10
}
#VER A 744 20220319 Stjarnans bi/18-10-24 20181025
{
   #TRANS 1930 {} -3050.00
   #TRANS 1799 {} 3050.00
}
#VER A 745 20220319 Bauhaus botk/18-10-24 20181025
{
   #TRANS 1930 {} -1259.10
   #TRANS 1799 {} 1259.10
}
#VER A 746 20220319 Bauhaus botk/18-10-24 20181025
{
   #TRANS 1930 {} -1079.10
   #TRANS 1799 {} 1079.10
}
#VER A 747 20220319 46709659327 20181026
{
   #TRANS 1930 {} 71160.00
   #TRANS 1910 {} -71160.00
}
#VER A 748 20220319 Sverigetaxi /18-10-26 20181029
{
   #TRANS 1930 {} -270.00
   #TRANS 1799 {} 270.00
}
#VER A 749 20220319 Circle k kun/18-10-26 20181029
{
   #TRANS 1930 {} -100.00
   #TRANS 1799 {} 100.00
}
#VER A 750 20220319 Bilia segelt/18-10-26 20181029
{
   #TRANS 1930 {} -1250.00
   #TRANS 1799 {} 1250.00
}
#VER A 751 20220319 Fordonsskatt transportst 20181029
{
   #TRANS 1930 {} -50.00
   #TRANS 1630 {} 50.00
}
#VER A 752 20220319 13270100248 20181029
{
   #TRANS 1930 {} -28800.00
   #TRANS 1799 {} 28800.00
}
#VER A 753 20220319 680174181276 20181029
{
   #TRANS 1930 {} -87275.00
   #TRANS 1799 {} 87275.00
}
#VER A 754 20220319 Ferdinand mi 20181029
{
   #TRANS 1930 {} 10339.57
   #TRANS 1910 {} -10339.57
}
#VER A 755 20220319 Bg 222-9698 20181029
{
   #TRANS 1930 {} 115200.00
   #TRANS 1910 {} -115200.00
}
#VER A 756 20220319 H29386746089 20181029
{
   #TRANS 1930 {} 106560.00
   #TRANS 1910 {} -106560.00
}
#VER A 757 20220319 Kostnad 20181029
{
   #TRANS 1930 {} -17.00
   #TRANS 1799 {} 17.00
}
#VER A 758 20220319 53640166280 20181029
{
   #TRANS 1930 {} -20000.00
   #TRANS 1799 {} 20000.00
}
#VER A 759 20220319 Shell 7-11 6/18-10-27 20181029
{
   #TRANS 1930 {} -200.15
   #TRANS 1799 {} 200.15
}
#VER A 760 20220319 Pong express/18-10-27 20181029
{
   #TRANS 1930 {} -99.00
   #TRANS 1799 {} 99.00
}
#VER A 761 20220319 690665066413 20181030
{
   #TRANS 1930 {} -72031.00
   #TRANS 1799 {} 72031.00
}
#VER A 762 20220319 46705655279 20181030
{
   #TRANS 1930 {} 59400.00
   #TRANS 1910 {} -59400.00
}
#VER A 763 20220319 Ferdinand mi 20181030
{
   #TRANS 1930 {} 84782.42
   #TRANS 1910 {} -84782.42
}
#VER A 764 20220319 Biltema mora/18-10-29 20181030
{
   #TRANS 1930 {} -138.90
   #TRANS 1799 {} 138.90
}
#VER A 765 20220319 Bolagsverket/18-10-29 20181030
{
   #TRANS 1930 {} -600.00
   #TRANS 1799 {} 600.00
}
#VER A 766 20220319 91595579550 20181031
{
   #TRANS 1930 {} -40000.00
   #TRANS 1799 {} 40000.00
}
#VER A 767 20220319 Shell 7-11 6/18-10-30 20181031
{
   #TRANS 1930 {} -100.18
   #TRANS 1799 {} 100.18
}
#VER A 768 20220319 Rusta borkyr/18-10-30 20181031
{
   #TRANS 1930 {} -146.90
   #TRANS 1799 {} 146.90
}
#VER A 769 20220319 Autounique i stockholm a 20181101
{
   #TRANS 1930 {} -4125.00
   #TRANS 2893 {} 4125.00
}
#VER A 770 20220319 Yokab AB 20181101
{
   #TRANS 1930 {} -10000.00
   #TRANS 1799 {} 10000.00
}
#VER A 771 20220319 Formac production AB 20181101
{
   #TRANS 1930 {} -2419.00
   #TRANS 1799 {} 2419.00
}
#VER A 772 20220319 Svea inkasso AB 20181101
{
   #TRANS 1930 {} -190.00
   #TRANS 1799 {} 190.00
}
#VER A 773 20220319 If skadeförs 20181101
{
   #TRANS 1930 {} -1583.00
   #TRANS 1799 {} 1583.00
}
#VER A 774 20220319 My way nygat/18-10-31 20181101
{
   #TRANS 1930 {} -55.00
   #TRANS 1799 {} 55.00
}
#VER A 775 20220319 My way nygat/18-10-31 20181101
{
   #TRANS 1930 {} -65.00
   #TRANS 1799 {} 65.00
}
#VER A 776 20220319 Izettle com /18-11-01 20181102
{
   #TRANS 1930 {} -248.75
   #TRANS 1799 {} 248.75
}
#VER A 777 20220319 Biostaden   /18-11-02 20181105
{
   #TRANS 1930 {} -86.00
   #TRANS 1799 {} 86.00
}
#VER A 778 20220319 Hb svenska b/18-11-02 20181105
{
   #TRANS 1930 {} -240.00
   #TRANS 1799 {} 240.00
}
#VER A 779 20220319 Clarion hote/18-11-01 20181105
{
   #TRANS 1930 {} -90.00
   #TRANS 1799 {} 90.00
}
#VER A 780 20220319 Clarion hote/18-11-01 20181105
{
   #TRANS 1930 {} -35.00
   #TRANS 1799 {} 35.00
}
#VER A 781 20220319 Bisnode sverige AB 20181105
{
   #TRANS 1930 {} -307.00
   #TRANS 1799 {} 307.00
}
#VER A 782 20220319 Max i sodert/18-11-04 20181105
{
   #TRANS 1930 {} -226.00
   #TRANS 1799 {} 226.00
}
#VER A 783 20220319 Reparera bil i stockholm 20181106
{
   #TRANS 1930 {} -750.00
   #TRANS 1799 {} 750.00
}
#VER A 784 20220319 Reparera bil i stockholm 20181106
{
   #TRANS 1930 {} -1875.00
   #TRANS 1799 {} 1875.00
}
#VER A 785 20220319 Reparera bil i stockholm 20181106
{
   #TRANS 1930 {} -5625.00
   #TRANS 1799 {} 5625.00
}
#VER A 786 20220319 Autoconcept insurance AB 20181106
{
   #TRANS 1930 {} -3590.00
   #TRANS 2893 {} 3590.00
}
#VER A 787 20220319 Okq8        /18-11-02 20181106
{
   #TRANS 1930 {} -400.10
   #TRANS 1799 {} 400.10
}
#VER A 788 20220319 Shell 7-11 6/18-11-06 20181107
{
   #TRANS 1930 {} -100.32
   #TRANS 1799 {} 100.32
}
#VER A 789 20220319 Reparera bil i stockholm 20181108
{
   #TRANS 1930 {} -3750.00
   #TRANS 1799 {} 3750.00
}
#VER A 790 20220319 Stjarnans bi/18-11-07 20181108
{
   #TRANS 1930 {} -2535.00
   #TRANS 1799 {} 2535.00
}
#VER A 791 20220319 St1 alby    /18-11-07 20181108
{
   #TRANS 1930 {} -200.16
   #TRANS 1799 {} 200.16
}
#VER A 792 20220319 Gymgrossiste/18-11-07 20181108
{
   #TRANS 1930 {} -579.00
   #TRANS 1799 {} 579.00
}
#VER A 793 20220319 Biltema swed/18-11-07 20181108
{
   #TRANS 1930 {} -218.90
   #TRANS 1799 {} 218.90
}
#VER A 794 20220319 46723500587 20181109
{
   #TRANS 1930 {} 41980.00
   #TRANS 1910 {} -41980.00
}
#VER A 795 20220319 Lubna yahya 20181112
{
   #TRANS 1930 {} 94393.00
   #TRANS 1910 {} -94393.00
}
#VER A 796 20220319 Direkten kri/18-11-10 20181112
{
   #TRANS 1930 {} -44.00
   #TRANS 1799 {} 44.00
}
#VER A 797 20220319 832799147424 20181113
{
   #TRANS 1930 {} -376500.00
   #TRANS 1799 {} 376500.00
}
#VER A 798 20220319 616372231525 20181113
{
   #TRANS 1930 {} -2850.00
   #TRANS 1799 {} 2850.00
}
#VER A 799 20220319 Snelder grup/18-11-12 20181113
{
   #TRANS 1930 {} -4141.25
   #TRANS 1799 {} 4141.25
}
#VER A 800 20220319 46737165588 20181114
{
   #TRANS 1930 {} 84000.00
   #TRANS 1910 {} -84000.00
}
#VER A 801 20220319 300 auto AB 20181114
{
   #TRANS 1930 {} 20000.00
   #TRANS 1910 {} -20000.00
}
#VER A 802 20220319 Okq8        /18-11-13 20181114
{
   #TRANS 1930 {} -500.11
   #TRANS 1799 {} 500.11
}
#VER A 803 20220319 832799738218 20181115
{
   #TRANS 1930 {} -122500.00
   #TRANS 1799 {} 122500.00
}
#VER A 804 20220319 300 auto AB 20181115
{
   #TRANS 1930 {} 60000.00
   #TRANS 1910 {} -60000.00
}
#VER A 805 20220319 53640166280 20181115
{
   #TRANS 1930 {} -60000.00
   #TRANS 1799 {} 60000.00
}
#VER A 806 20220319 Svea ekonomi AB 20181116
{
   #TRANS 1930 {} -1175.00
   #TRANS 1799 {} 1175.00
}
#VER A 807 20220319 Svea ekonomi AB 20181116
{
   #TRANS 1930 {} -2000.00
   #TRANS 1799 {} 2000.00
}
#VER A 808 20220319 Telia sverige AB 20181116
{
   #TRANS 1930 {} -1226.00
   #TRANS 1799 {} 1226.00
}
#VER A 809 20220319 Bg 222-9698 20181116
{
   #TRANS 1930 {} 167920.00
   #TRANS 1910 {} -167920.00
}
#VER A 810 20220319 46739475696 20181116
{
   #TRANS 1930 {} 1000.00
   #TRANS 1910 {} -1000.00
}
#VER A 811 20220319 Direkten hal/18-11-15 20181116
{
   #TRANS 1930 {} -120.00
   #TRANS 1799 {} 120.00
}
#VER A 812 20220319 Bg 222-9698 20181119
{
   #TRANS 1930 {} 340009.81
   #TRANS 1910 {} -340009.81
}
#VER A 813 20220319 Rrz982 20181119
{
   #TRANS 1930 {} -185000.00
   #TRANS 1799 {} 185000.00
}
#VER A 814 20220319 Preem       /18-11-18 20181120
{
   #TRANS 1930 {} -400.07
   #TRANS 1799 {} 400.07
}
#VER A 815 20220319 Biltema swed/18-11-19 20181120
{
   #TRANS 1930 {} -109.00
   #TRANS 1799 {} 109.00
}
#VER A 816 20220319 Kompanjonen AB 20181121
{
   #TRANS 1930 {} -2975.00
   #TRANS 1799 {} 2975.00
}
#VER A 817 20220319 Bg 222-9698 20181121
{
   #TRANS 1930 {} 75000.00
   #TRANS 1910 {} -75000.00
}
#VER A 818 20220319 Dnb bank ASA filial sver 20181122
{
   #TRANS 1930 {} -140810.00
   #TRANS 1799 {} 140810.00
}
#VER A 819 20220319 46760078292 20181122
{
   #TRANS 1930 {} 1000.00
   #TRANS 1910 {} -1000.00
}
#VER A 820 20220319 Aut19:38 ins 20181122
{
   #TRANS 1930 {} 20000.00
   #TRANS 1910 {} -20000.00
}
#VER A 821 20220319 St1 alby    /18-11-21 20181122
{
   #TRANS 1930 {} -200.24
   #TRANS 1799 {} 200.24
}
#VER A 822 20220319 283279534274 20181123
{
   #TRANS 1930 {} -2073.58
   #TRANS 1799 {} 2073.58
}
#VER A 823 20220319 Kostnad 20181123
{
   #TRANS 1930 {} -35.00
   #TRANS 1799 {} 35.00
}
#VER A 824 20220319 53640166280 20181123
{
   #TRANS 1930 {} -50000.00
   #TRANS 1799 {} 50000.00
}
#VER A 825 20220319 53640166280 20181123
{
   #TRANS 1930 {} -62000.00
   #TRANS 1799 {} 62000.00
}
#VER A 826 20220319 Shell södert/18-11-22 20181123
{
   #TRANS 1930 {} -201.10
   #TRANS 1799 {} 201.10
}
#VER A 827 20220319 Shell 7-11 6/18-11-23 20181126
{
   #TRANS 1930 {} -200.70
   #TRANS 1799 {} 200.70
}
#VER A 828 20220319 Bauhaus botk/18-11-23 20181126
{
   #TRANS 1930 {} -157.95
   #TRANS 1799 {} 157.95
}
#VER A 829 20220319 Trängselskatt transports 20181126
{
   #TRANS 1930 {} -619.00
   #TRANS 1630 {} 619.00
}
#VER A 830 20220319 Yokab AB 20181126
{
   #TRANS 1930 {} -9500.00
   #TRANS 1799 {} 9500.00
}
#VER A 831 20220319 Autoconcept insurance AB 20181126
{
   #TRANS 1930 {} -10088.00
   #TRANS 2893 {} 10088.00
}
#VER A 832 20220319 Tele2 sverige AB 20181126
{
   #TRANS 1930 {} -455.00
   #TRANS 1799 {} 455.00
}
#VER A 833 20220319 Bauhaus botk/18-11-25 20181126
{
   #TRANS 1930 {} -39.95
   #TRANS 1799 {} 39.95
}
#VER A 834 20220319 Bauhaus botk/18-11-25 20181126
{
   #TRANS 1930 {} -159.25
   #TRANS 1799 {} 159.25
}
#VER A 835 20220319 Ingo kungens/18-11-24 20181126
{
   #TRANS 1930 {} -401.61
   #TRANS 1799 {} 401.61
}
#VER A 836 20220319 Ingo soderte/18-11-25 20181126
{
   #TRANS 1930 {} -200.12
   #TRANS 1799 {} 200.12
}
#VER A 837 20220319 Bauhaus botk/18-11-24 20181126
{
   #TRANS 1930 {} -114.91
   #TRANS 1799 {} 114.91
}
#VER A 838 20220319 Heg232 20181127
{
   #TRANS 1930 {} 6000.00
   #TRANS 1910 {} -6000.00
}
#VER A 839 20220319 Heg 232 20181127
{
   #TRANS 1930 {} 40000.00
   #TRANS 1910 {} -40000.00
}
#VER A 840 20220319 Clean expres/18-11-26 20181127
{
   #TRANS 1930 {} -60.00
   #TRANS 1799 {} 60.00
}
#VER A 841 20220319 Infrastrukturavgift  si 20181128
{
   #TRANS 1930 {} -9.00
   #TRANS 1799 {} 9.00
}
#VER A 842 20220319 Reparera bil i stockholm 20181128
{
   #TRANS 1930 {} -1500.00
   #TRANS 1799 {} 1500.00
}
#VER A 843 20220319 Reparera bil i stockholm 20181128
{
   #TRANS 1930 {} -4375.00
   #TRANS 1799 {} 4375.00
}
#VER A 844 20220319 Sector alarm företag/pay 20181128
{
   #TRANS 1930 {} -1567.50
   #TRANS 1799 {} 1567.50
}
#VER A 845 20220319 Fordonsskatt transportst 20181128
{
   #TRANS 1930 {} -50.00
   #TRANS 1630 {} 50.00
}
#VER A 846 20220319 Tele2 sverige AB 20181128
{
   #TRANS 1930 {} -786.00
   #TRANS 1799 {} 786.00
}
#VER A 847 20220319 13270100248 20181128
{
   #TRANS 1930 {} -28800.00
   #TRANS 1799 {} 28800.00
}
#VER A 848 20220319 Haber frieda 20181128
{
   #TRANS 1930 {} 64299.44
   #TRANS 1910 {} -64299.44
}
#VER A 849 20220319 Okq8        /18-11-27 20181128
{
   #TRANS 1930 {} -500.75
   #TRANS 1799 {} 500.75
}
#VER A 850 20220319 Svea inkasso AB 20181129
{
   #TRANS 1930 {} -1924.00
   #TRANS 1799 {} 1924.00
}
#VER A 851 20220319 Circle k sto/18-11-28 20181129
{
   #TRANS 1930 {} -298.00
   #TRANS 1799 {} 298.00
}
#VER A 852 20220319 St1 alby    /18-11-28 20181129
{
   #TRANS 1930 {} -200.14
   #TRANS 1799 {} 200.14
}
#VER A 853 20220319 Vistapr vist/18-11-29 20181130
{
   #TRANS 1930 {} -235.00
   #TRANS 1799 {} 235.00
}
#VER A 854 20220319 St1 alby    /18-11-30 20181203
{
   #TRANS 1930 {} -200.35
   #TRANS 1799 {} 200.35
}
#VER A 855 20220319 If skadeförs 20181203
{
   #TRANS 1930 {} -1583.00
   #TRANS 1799 {} 1583.00
}
#VER A 856 20220319 46737083420 20181203
{
   #TRANS 1930 {} 1000.00
   #TRANS 1910 {} -1000.00
}
#VER A 857 20220319 53640166280 20181203
{
   #TRANS 1930 {} -20000.00
   #TRANS 1799 {} 20000.00
}
#VER A 858 20220319 Kontorsgigan/18-12-01 20181203
{
   #TRANS 1930 {} -1300.00
   #TRANS 1799 {} 1300.00
}
#VER A 859 20220319 Circle k kun/18-12-01 20181203
{
   #TRANS 1930 {} -100.23
   #TRANS 1799 {} 100.23
}
#VER A 860 20220319 Shell södert/18-12-02 20181203
{
   #TRANS 1930 {} -200.00
   #TRANS 1799 {} 200.00
}
#VER A 861 20220319 Bauhaus botk/18-12-01 20181203
{
   #TRANS 1930 {} -1243.90
   #TRANS 1799 {} 1243.90
}
#VER A 862 20220319 Trängselskatt transports 20181204
{
   #TRANS 1930 {} -33.00
   #TRANS 1630 {} 33.00
}
#VER A 863 20220319 Trängselskatt transports 20181204
{
   #TRANS 1930 {} -46.00
   #TRANS 1630 {} 46.00
}
#VER A 864 20220319 Trängselskatt transports 20181204
{
   #TRANS 1930 {} -147.00
   #TRANS 1630 {} 147.00
}
#VER A 865 20220319 Bg 222-9698 20181204
{
   #TRANS 1930 {} 100000.00
   #TRANS 1910 {} -100000.00
}
#VER A 866 20220319 Stjärnans bilteknik AB 20181205
{
   #TRANS 1930 {} -4000.00
   #TRANS 1799 {} 4000.00
}
#VER A 867 20220319 Reparera bil i stockholm 20181205
{
   #TRANS 1930 {} -250.00
   #TRANS 1799 {} 250.00
}
#VER A 868 20220319 Reparera bil i stockholm 20181205
{
   #TRANS 1930 {} -2500.00
   #TRANS 1799 {} 2500.00
}
#VER A 869 20220319 Reparera bil i stockholm 20181205
{
   #TRANS 1930 {} -3125.00
   #TRANS 1799 {} 3125.00
}
#VER A 870 20220319 Reparera bil i stockholm 20181205
{
   #TRANS 1930 {} -4375.00
   #TRANS 1799 {} 4375.00
}
#VER A 871 20220319 Hedbergs bilskrot AB 20181205
{
   #TRANS 1930 {} -1900.00
   #TRANS 1799 {} 1900.00
}
#VER A 872 20220319 Teso sushi  /18-12-04 20181205
{
   #TRANS 1930 {} -142.00
   #TRANS 1799 {} 142.00
}
#VER A 873 20220319 AB tingstad /18-11-27 20181206
{
   #TRANS 1930 {} -836.00
   #TRANS 1799 {} 836.00
}
#VER A 874 20220319 Energikundservice sverig 20181207
{
   #TRANS 1930 {} -187.00
   #TRANS 1799 {} 187.00
}
#VER A 875 20220319 Goja ciprian 20181207
{
   #TRANS 1930 {} 35679.42
   #TRANS 1910 {} -35679.42
}
#VER A 876 20220319 Biltema swed/18-12-07 20181210
{
   #TRANS 1930 {} -499.00
   #TRANS 1799 {} 499.00
}
#VER A 877 20220319 Ingo soderte/18-12-07 20181210
{
   #TRANS 1930 {} -300.12
   #TRANS 1799 {} 300.12
}
#VER A 878 20220319 Ad sverige b/18-12-07 20181210
{
   #TRANS 1930 {} -55.00
   #TRANS 1799 {} 55.00
}
#VER A 879 20220319 Restaurang e/18-12-09 20181210
{
   #TRANS 1930 {} -155.00
   #TRANS 1799 {} 155.00
}
#VER A 880 20220319 Restaurang e/18-12-09 20181210
{
   #TRANS 1930 {} -158.00
   #TRANS 1799 {} 158.00
}
#VER A 881 20220319 Restaurang e/18-12-09 20181210
{
   #TRANS 1930 {} -145.00
   #TRANS 1799 {} 145.00
}
#VER A 882 20220319 Boqueria    /18-12-08 20181210
{
   #TRANS 1930 {} -299.00
   #TRANS 1799 {} 299.00
}
#VER A 883 20220319 Boqueria    /18-12-09 20181210
{
   #TRANS 1930 {} -149.00
   #TRANS 1799 {} 149.00
}
#VER A 884 20220319 Tornion akut ky 20181211
{
   #TRANS 1930 {} -2690.00
   #TRANS 1799 {} 2690.00
}
#VER A 885 20220319 Ba löfgrens transport & 20181211
{
   #TRANS 1930 {} -563.00
   #TRANS 1799 {} 563.00
}
#VER A 886 20220319 Bisnode sverige AB 20181211
{
   #TRANS 1930 {} -314.00
   #TRANS 1799 {} 314.00
}
#VER A 887 20220319 Biltema swed/18-12-10 20181211
{
   #TRANS 1930 {} -54.90
   #TRANS 1799 {} 54.90
}
#VER A 888 20220319 Okq8        /18-12-09 20181211
{
   #TRANS 1930 {} -26.00
   #TRANS 1799 {} 26.00
}
#VER A 889 20220319 Bg 222-9698 20181212
{
   #TRANS 1930 {} 8490.00
   #TRANS 1910 {} -8490.00
}
#VER A 890 20220319 Biltema swed/18-12-11 20181212
{
   #TRANS 1930 {} -109.00
   #TRANS 1799 {} 109.00
}
#VER A 891 20220319 Shell södert/18-12-11 20181212
{
   #TRANS 1930 {} -100.00
   #TRANS 1799 {} 100.00
}
#VER A 892 20220319 St1 alby    /18-12-11 20181212
{
   #TRANS 1930 {} -200.50
   #TRANS 1799 {} 200.50
}
#VER A 893 20220319 832799136468 20181214
{
   #TRANS 1930 {} -65000.00
   #TRANS 1799 {} 65000.00
}
#VER A 894 20220319 H14389581326 20181214
{
   #TRANS 1930 {} 50000.00
   #TRANS 1910 {} -50000.00
}
#VER A 895 20220319 St1 alby    /18-12-14 20181217
{
   #TRANS 1930 {} -451.89
   #TRANS 1799 {} 451.89
}
#VER A 896 20220319 Svea ekonomi AB 20181217
{
   #TRANS 1930 {} -1175.00
   #TRANS 1799 {} 1175.00
}
#VER A 897 20220319 Svea ekonomi AB 20181217
{
   #TRANS 1930 {} -2000.00
   #TRANS 1799 {} 2000.00
}
#VER A 898 20220319 Transportstyrelsen 20181217
{
   #TRANS 1930 {} -5875.00
   #TRANS 1799 {} 5875.00
}
#VER A 899 20220319 Kebron interna apostolic 20181217
{
   #TRANS 1930 {} -4190.00
   #TRANS 1799 {} 4190.00
}
#VER A 900 20220319 53640166280 20181217
{
   #TRANS 1930 {} -17584.00
   #TRANS 1799 {} 17584.00
}
#VER A 901 20220319 53680281358 20181217
{
   #TRANS 1930 {} -17500.00
   #TRANS 1799 {} 17500.00
}
#VER A 902 20220319 Circle k sto/18-12-16 20181217
{
   #TRANS 1930 {} -300.18
   #TRANS 1799 {} 300.18
}
#VER A 903 20220319 Jula sverige/18-12-17 20181218
{
   #TRANS 1930 {} -199.00
   #TRANS 1799 {} 199.00
}
#VER A 904 20220319 Circle k nor/18-12-17 20181218
{
   #TRANS 1930 {} -146.00
   #TRANS 1799 {} 146.00
}
#VER A 905 20220319 Ingo soderte/18-12-17 20181218
{
   #TRANS 1930 {} -942.41
   #TRANS 1799 {} 942.41
}
#VER A 906 20220319 Dnb bank ASA filial sver 20181219
{
   #TRANS 1930 {} -100084.00
   #TRANS 1799 {} 100084.00
}
#VER A 907 20220319 Återbetalnin 20181219
{
   #TRANS 1930 {} 17584.00
   #TRANS 1910 {} -17584.00
}
#VER A 908 20220319 008202021658 20181219
{
   #TRANS 1930 {} 200000.00
   #TRANS 1910 {} -200000.00
}
#VER A 909 20220319 53543391674 20181219
{
   #TRANS 1930 {} -100000.00
   #TRANS 1799 {} 100000.00
}
#VER A 910 20220319 Tanka ulrice/18-12-17 20181219
{
   #TRANS 1930 {} -400.72
   #TRANS 1799 {} 400.72
}
#VER A 911 20220319 Yokab AB 20181220
{
   #TRANS 1930 {} -9500.00
   #TRANS 1799 {} 9500.00
}
#VER A 912 20220319 Telia sverige AB 20181220
{
   #TRANS 1930 {} -4243.00
   #TRANS 1799 {} 4243.00
}
#VER A 913 20220319 Felparkeringsavgift tran 20181220
{
   #TRANS 1930 {} -1000.00
   #TRANS 1799 {} 1000.00
}
#VER A 914 20220319 Energikundservice sverig 20181220
{
   #TRANS 1930 {} -383.00
   #TRANS 1799 {} 383.00
}
#VER A 915 20220319 Tele2 sverige AB 20181220
{
   #TRANS 1930 {} -640.00
   #TRANS 1799 {} 640.00
}
#VER A 916 20220319 Comviq se   /18-12-19 20181220
{
   #TRANS 1930 {} -145.00
   #TRANS 1799 {} 145.00
}
#VER A 917 20220319 46700268766 20181221
{
   #TRANS 1930 {} 1000.00
   #TRANS 1910 {} -1000.00
}
#VER A 918 20220319 Owe565 20181221
{
   #TRANS 1930 {} 10000.00
   #TRANS 1910 {} -10000.00
}
#VER A 919 20220319 Alby gfc AB /18-12-20 20181221
{
   #TRANS 1930 {} -120.00
   #TRANS 1799 {} 120.00
}
#VER A 920 20220319 Biltema swed/18-12-20 20181221
{
   #TRANS 1930 {} -119.80
   #TRANS 1799 {} 119.80
}
#VER A 921 20220319 St1 alby    /18-12-21 20181227
{
   #TRANS 1930 {} -200.06
   #TRANS 1799 {} 200.06
}
#VER A 922 20220319 46723270799 20181227
{
   #TRANS 1930 {} 1000.00
   #TRANS 1910 {} -1000.00
}
#VER A 923 20220319 Maxi ica sto/18-12-22 20181227
{
   #TRANS 1930 {} -461.65
   #TRANS 1799 {} 461.65
}
#VER A 924 20220319 Alby gfc AB /18-12-21 20181227
{
   #TRANS 1930 {} -120.00
   #TRANS 1799 {} 120.00
}
#VER A 925 20220319 Clean expres/18-12-22 20181227
{
   #TRANS 1930 {} -60.00
   #TRANS 1799 {} 60.00
}
#VER A 926 20220319 Biltema swed/18-12-22 20181227
{
   #TRANS 1930 {} -179.00
   #TRANS 1799 {} 179.00
}
#VER A 927 20220319 Circle k nyk/18-12-24 20181227
{
   #TRANS 1930 {} -1010.78
   #TRANS 1799 {} 1010.78
}
#VER A 928 20220319 Shell 7-11 6/18-12-24 20181227
{
   #TRANS 1930 {} -234.77
   #TRANS 1799 {} 234.77
}
#VER A 929 20220319 Skatteverket 20181227
{
   #TRANS 1930 {} -6410.00
   #TRANS 1630 {} 6410.00
}
#VER A 930 20220319 Skatteverket 20181227
{
   #TRANS 1930 {} -20500.00
   #TRANS 1630 {} 20500.00
}
#VER A 931 20220319 Saluvagnsskatt transport 20181227
{
   #TRANS 1930 {} -780.00
   #TRANS 1630 {} 780.00
}
#VER A 932 20220319 Biltema swed/18-12-26 20181227
{
   #TRANS 1930 {} -89.90
   #TRANS 1799 {} 89.90
}
#VER A 933 20220319 Biltema swed/18-12-26 20181227
{
   #TRANS 1930 {} -151.50
   #TRANS 1799 {} 151.50
}
#VER A 934 20220319 Sverigetaxi /18-12-27 20181228
{
   #TRANS 1930 {} -840.00
   #TRANS 1799 {} 840.00
}
#VER A 935 20220319 Ingo soderte/18-12-27 20181228
{
   #TRANS 1930 {} -200.13
   #TRANS 1799 {} 200.13
}
#VER A 936 20220319 Okq8        /18-12-28 20190102
{
   #TRANS 1930 {} -199.00
   #TRANS 1799 {} 199.00
}
#VER A 937 20220319 Shell 7-11 6/18-12-28 20190102
{
   #TRANS 1930 {} -922.50
   #TRANS 1799 {} 922.50
}
#VER A 938 20220319 Okq8        /18-12-21 20190102
{
   #TRANS 1930 {} -300.30
   #TRANS 1799 {} 300.30
}
#VER A 939 20220319 Botkyrka mek/18-12-29 20190102
{
   #TRANS 1930 {} -200.00
   #TRANS 1799 {} 200.00
}
#VER A 940 20220319 If skadeförs 20190102
{
   #TRANS 1930 {} -1583.00
   #TRANS 1799 {} 1583.00
}
#VER A 941 20220319 Aut19:50 ins 20190102
{
   #TRANS 1930 {} 10000.00
   #TRANS 1910 {} -10000.00
}
#VER A 942 20220319 13270100248 20190103
{
   #TRANS 1930 {} -28800.00
   #TRANS 1799 {} 28800.00
}
#VER A 943 20220319 290039796020 20190103
{
   #TRANS 1930 {} -2112.46
   #TRANS 1799 {} 2112.46
}
#VER A 944 20220319 Kostnad 20190103
{
   #TRANS 1930 {} -35.00
   #TRANS 1799 {} 35.00
}
#VER A 945 20220319 Larkfield   /19-01-02 20190103
{
   #TRANS 1930 {} -1463.30
   #TRANS 1799 {} 1463.30
}
#VER A 946 20220319 Hedin segelt/19-01-02 20190103
{
   #TRANS 1930 {} -213.00
   #TRANS 1799 {} 213.00
}
#VER A 947 20220319 Reparera bil i stockholm 20190104
{
   #TRANS 1930 {} -1875.00
   #TRANS 1799 {} 1875.00
}
#VER A 948 20220319 Bisnode sverige AB 20190104
{
   #TRANS 1930 {} -296.00
   #TRANS 1799 {} 296.00
}
#VER A 949 20220319 Bg 222-9698 20190104
{
   #TRANS 1930 {} 38531.00
   #TRANS 1910 {} -38531.00
}
#VER A 950 20220319 St1 alby    /19-01-03 20190104
{
   #TRANS 1930 {} -197.06
   #TRANS 1799 {} 197.06
}
#VER A 951 20220319 Paypal  qhai/19-01-03 20190104
{
   #TRANS 1930 {} -1049.06
   #TRANS 1799 {} 1049.06
}
#VER A 952 20220319 Amoma reserv/19-01-05 20190107
{
   #TRANS 1930 {} -1429.09
   #TRANS 1799 {} 1429.09
}
#VER A 953 20220319 Ingo soderte/19-01-05 20190107
{
   #TRANS 1930 {} -934.56
   #TRANS 1799 {} 934.56
}
#VER A 954 20220319 Trängselskatt transports 20190108
{
   #TRANS 1930 {} -22.00
   #TRANS 1630 {} 22.00
}
#VER A 955 20220319 616372231525 20190108
{
   #TRANS 1930 {} -3169.00
   #TRANS 1799 {} 3169.00
}
#VER A 956 20220319 616372231525 20190108
{
   #TRANS 1930 {} -2901.00
   #TRANS 1799 {} 2901.00
}
#VER A 957 20220319 53640166280 20190108
{
   #TRANS 1930 {} -20000.00
   #TRANS 1799 {} 20000.00
}
#VER A 958 20220319 Ica supermar/19-01-07 20190108
{
   #TRANS 1930 {} -268.00
   #TRANS 1799 {} 268.00
}
#VER A 959 20220319 Qstar sankt /19-01-06 20190108
{
   #TRANS 1930 {} -941.78
   #TRANS 1799 {} 941.78
}
#VER A 960 20220319 Tele2 sverige AB 20190109
{
   #TRANS 1930 {} -431.00
   #TRANS 1799 {} 431.00
}
#VER A 961 20220319 46723535853 20190109
{
   #TRANS 1930 {} 5000.00
   #TRANS 1910 {} -5000.00
}
#VER A 962 20220319 46723535853 20190109
{
   #TRANS 1930 {} 4077.00
   #TRANS 1910 {} -4077.00
}
#VER A 963 20220319 Preem       /19-01-07 20190109
{
   #TRANS 1930 {} -200.20
   #TRANS 1799 {} 200.20
}
#VER A 964 20220319 St1 alby    /19-01-08 20190109
{
   #TRANS 1930 {} -200.13
   #TRANS 1799 {} 200.13
}
#VER A 965 20220319 Toyota kreditbank gmbh t 20190110
{
   #TRANS 1930 {} -141546.00
   #TRANS 1799 {} 141546.00
}
#VER A 966 20220319 300 auto AB 20190110
{
   #TRANS 1930 {} 100000.00
   #TRANS 1910 {} -100000.00
}
#VER A 967 20220319 Alby matbuti/19-01-09 20190110
{
   #TRANS 1930 {} -41.95
   #TRANS 1799 {} 41.95
}
#VER A 968 20220319 Bauhaus botk/19-01-09 20190110
{
   #TRANS 1930 {} -247.72
   #TRANS 1799 {} 247.72
}
#VER A 969 20220319 Hornbach byg/19-01-09 20190110
{
   #TRANS 1930 {} -279.00
   #TRANS 1799 {} 279.00
}
#VER A 970 20220319 Clean expres/19-01-10 20190111
{
   #TRANS 1930 {} -80.00
   #TRANS 1799 {} 80.00
}
#VER A 971 20220319 Biltema swed/19-01-10 20190111
{
   #TRANS 1930 {} -650.60
   #TRANS 1799 {} 650.60
}
#VER A 972 20220319 46739947112 20190114
{
   #TRANS 1930 {} 15000.00
   #TRANS 1910 {} -15000.00
}
#VER A 973 20220319 Biltema swed/19-01-11 20190114
{
   #TRANS 1930 {} -5340.20
   #TRANS 1799 {} 5340.20
}
#VER A 974 20220319 St1 alby    /19-01-11 20190114
{
   #TRANS 1930 {} -200.00
   #TRANS 1799 {} 200.00
}
#VER A 975 20220319 Dnb bank ASA filial sver 20190114
{
   #TRANS 1930 {} -99077.00
   #TRANS 1799 {} 99077.00
}
#VER A 976 20220319 Bilköpgyj380 20190114
{
   #TRANS 1930 {} 82800.00
   #TRANS 1910 {} -82800.00
}
#VER A 977 20220319 St1 alby    /19-01-13 20190114
{
   #TRANS 1930 {} -400.23
   #TRANS 1799 {} 400.23
}
#VER A 978 20220319 Biltema swed/19-01-13 20190114
{
   #TRANS 1930 {} -299.00
   #TRANS 1799 {} 299.00
}
#VER A 979 20220319 Biltema swed/19-01-13 20190114
{
   #TRANS 1930 {} -499.00
   #TRANS 1799 {} 499.00
}
#VER A 980 20220319 Rusta borkyr/19-01-12 20190114
{
   #TRANS 1930 {} -193.50
   #TRANS 1799 {} 193.50
}
#VER A 981 20220319 Hagman europatransporter 20190115
{
   #TRANS 1930 {} -6875.00
   #TRANS 1799 {} 6875.00
}
#VER A 982 20220319 Hagman europatransporter 20190115
{
   #TRANS 1930 {} -7500.00
   #TRANS 1799 {} 7500.00
}
#VER A 983 20220319 90240207590 20190115
{
   #TRANS 1930 {} -28454.00
   #TRANS 1799 {} 28454.00
}
#VER A 984 20220319 290159868825 20190115
{
   #TRANS 1930 {} -2064.00
   #TRANS 1799 {} 2064.00
}
#VER A 985 20220319 Kostnad 20190115
{
   #TRANS 1930 {} -35.00
   #TRANS 1799 {} 35.00
}
#VER A 986 20220319 Bauhaus botk/19-01-14 20190115
{
   #TRANS 1930 {} -1900.00
   #TRANS 1799 {} 1900.00
}
#VER A 987 20220319 46730223199 20190115
{
   #TRANS 1930 {} 1000.00
   #TRANS 1910 {} -1000.00
}
#VER A 988 20220319 Klarna  htm /19-01-15 20190116
{
   #TRANS 1930 {} -749.00
   #TRANS 1799 {} 749.00
}
#VER A 989 20220319 Svea ekonomi AB 20190117
{
   #TRANS 1930 {} -1175.00
   #TRANS 1799 {} 1175.00
}
#VER A 990 20220319 Svea ekonomi AB 20190117
{
   #TRANS 1930 {} -2000.00
   #TRANS 1799 {} 2000.00
}
#VER A 991 20220319 Bioplant design AB 20190117
{
   #TRANS 1930 {} -20000.00
   #TRANS 1799 {} 20000.00
}
#VER A 992 20220319 Tele2 sverige AB 20190117
{
   #TRANS 1930 {} -604.00
   #TRANS 1799 {} 604.00
}
#VER A 993 20220319 Bg 222-9698 20190117
{
   #TRANS 1930 {} 199200.00
   #TRANS 1910 {} -199200.00
}
#VER A 994 20220319 Bauhaus botk/19-01-16 20190117
{
   #TRANS 1930 {} 1119.00
   #TRANS 1910 {} -1119.00
}
#VER A 995 20220319 Biltema swed/19-01-16 20190117
{
   #TRANS 1930 {} -64.90
   #TRANS 1799 {} 64.90
}
#VER A 996 20220319 Sergel kredittjänster AB 20190118
{
   #TRANS 1930 {} -592.00
   #TRANS 1799 {} 592.00
}
#VER A 997 20220319 46729626268 20190118
{
   #TRANS 1930 {} 250.00
   #TRANS 1910 {} -250.00
}
#VER A 998 20220319 Clean expres/19-01-17 20190118
{
   #TRANS 1930 {} -80.00
   #TRANS 1799 {} 80.00
}
#VER A 999 20220319 St1 alby    /19-01-17 20190118
{
   #TRANS 1930 {} -350.22
   #TRANS 1799 {} 350.22
}
#VER A 1000 20220319 Bauhaus botk/19-01-18 20190121
{
   #TRANS 1930 {} -189.90
   #TRANS 1799 {} 189.90
}
#VER A 1001 20220319 Biltema swed/19-01-18 20190121
{
   #TRANS 1930 {} -218.00
   #TRANS 1799 {} 218.00
}
#VER A 1002 20220319 Shell 7-11 6/19-01-18 20190121
{
   #TRANS 1930 {} -300.20
   #TRANS 1799 {} 300.20
}
#VER A 1003 20220319 46704186377 20190121
{
   #TRANS 1930 {} 1000.00
   #TRANS 1910 {} -1000.00
}
#VER A 1004 20220319 Gyj380 20190121
{
   #TRANS 1930 {} -79687.00
   #TRANS 1799 {} 79687.00
}
#VER A 1005 20220319 46708877837 20190122
{
   #TRANS 1930 {} 1000.00
   #TRANS 1910 {} -1000.00
}
#VER A 1006 20220319 46763091777 20190123
{
   #TRANS 1930 {} 10000.00
   #TRANS 1910 {} -10000.00
}
#VER A 1007 20220319 Maxi ica sto/19-01-22 20190123
{
   #TRANS 1930 {} -768.00
   #TRANS 1799 {} 768.00
}
#VER A 1008 20220319 Shell 7-11 6/19-01-22 20190123
{
   #TRANS 1930 {} -200.04
   #TRANS 1799 {} 200.04
}
#VER A 1009 20220319 Bilgiganten /19-01-22 20190123
{
   #TRANS 1930 {} -375.00
   #TRANS 1799 {} 375.00
}
#VER A 1010 20220319 46707222120 20190124
{
   #TRANS 1930 {} 1000.00
   #TRANS 1910 {} -1000.00
}
#VER A 1011 20220319 46723335711 20190125
{
   #TRANS 1930 {} 1000.00
   #TRANS 1910 {} -1000.00
}
#VER A 1012 20220319 Jula AB     /19-01-24 20190125
{
   #TRANS 1930 {} -358.70
   #TRANS 1799 {} 358.70
}
#VER A 1013 20220319 Circle k sto/19-01-24 20190125
{
   #TRANS 1930 {} -303.65
   #TRANS 1799 {} 303.65
}
#VER A 1014 20220319 Pasta god fa/19-01-24 20190125
{
   #TRANS 1930 {} -178.00
   #TRANS 1799 {} 178.00
}
#VER A 1015 20220319 Filmstaden s/19-01-24 20190125
{
   #TRANS 1930 {} -90.00
   #TRANS 1799 {} 90.00
}
#VER A 1016 20220319 Media markt /19-01-24 20190125
{
   #TRANS 1930 {} -178.00
   #TRANS 1799 {} 178.00
}
#VER A 1017 20220319 St1 frihamne/19-01-25 20190128
{
   #TRANS 1930 {} -400.29
   #TRANS 1799 {} 400.29
}
#VER A 1018 20220319 Yokab AB 20190128
{
   #TRANS 1930 {} -9500.00
   #TRANS 1799 {} 9500.00
}
#VER A 1019 20220319 Fordonsskatt transportst 20190128
{
   #TRANS 1930 {} -65.00
   #TRANS 1630 {} 65.00
}
#VER A 1020 20220319 Fordonsskatt transportst 20190128
{
   #TRANS 1930 {} -65.00
   #TRANS 1630 {} 65.00
}
#VER A 1021 20220319 Fordonsskatt transportst 20190128
{
   #TRANS 1930 {} -65.00
   #TRANS 1630 {} 65.00
}
#VER A 1022 20220319 Fordonsskatt transportst 20190128
{
   #TRANS 1930 {} -115.00
   #TRANS 1630 {} 115.00
}
#VER A 1023 20220319 Fordonsskatt transportst 20190128
{
   #TRANS 1930 {} -115.00
   #TRANS 1630 {} 115.00
}
#VER A 1024 20220319 Tele2 sverige AB 20190128
{
   #TRANS 1930 {} -431.00
   #TRANS 1799 {} 431.00
}
#VER A 1025 20220319 St1 alby    /19-01-26 20190128
{
   #TRANS 1930 {} -300.14
   #TRANS 1799 {} 300.14
}
#VER A 1026 20220319 Ahn invest a/19-01-25 20190128
{
   #TRANS 1930 {} -350.00
   #TRANS 1799 {} 350.00
}
#VER A 1027 20220319 Stjärnans bilteknik AB 20190129
{
   #TRANS 1930 {} -1150.00
   #TRANS 1799 {} 1150.00
}
#VER A 1028 20220319 Reparera bil i stockholm 20190129
{
   #TRANS 1930 {} -1500.00
   #TRANS 1799 {} 1500.00
}
#VER A 1029 20220319 Lån 20190129
{
   #TRANS 1930 {} 60000.00
   #TRANS 1910 {} -60000.00
}
#VER A 1030 20220319 13270100248 20190129
{
   #TRANS 1930 {} -28800.00
   #TRANS 1799 {} 28800.00
}
#VER A 1031 20220319 Bg 222-9698 20190129
{
   #TRANS 1930 {} 18500.00
   #TRANS 1910 {} -18500.00
}
#VER A 1032 20220319 Biltema swed/19-01-28 20190129
{
   #TRANS 1930 {} -119.70
   #TRANS 1799 {} 119.70
}
#VER A 1033 20220319 Biltema swed/19-01-28 20190129
{
   #TRANS 1930 {} -35.80
   #TRANS 1799 {} 35.80
}
#VER A 1034 20220319 46700975538 20190129
{
   #TRANS 1930 {} 40000.00
   #TRANS 1910 {} -40000.00
}
#VER A 1035 20220319 Autounique i stockholm a 20190130
{
   #TRANS 1930 {} -5313.00
   #TRANS 2893 {} 5313.00
}
#VER A 1036 20220319 Bg 222-9698 20190130
{
   #TRANS 1930 {} 41295.00
   #TRANS 1910 {} -41295.00
}
#VER A 1037 20220319 Bilprovninge/19-01-29 20190130
{
   #TRANS 1930 {} -425.00
   #TRANS 1799 {} 425.00
}
#VER A 1038 20220319 Carfax      /19-01-29 20190130
{
   #TRANS 1930 {} -349.00
   #TRANS 1799 {} 349.00
}
#VER A 1039 20220319 Nhf903 20190131
{
   #TRANS 1930 {} -170000.00
   #TRANS 1799 {} 170000.00
}
#VER A 1040 20220319 Bg 222-9698 20190131
{
   #TRANS 1930 {} 131500.00
   #TRANS 1910 {} -131500.00
}
#VER A 1041 20220319 Shell 7-11 6/19-01-30 20190131
{
   #TRANS 1930 {} -300.08
   #TRANS 1799 {} 300.08
}
#VER A 1042 20220319 St1 alby    /19-01-30 20190131
{
   #TRANS 1930 {} -200.28
   #TRANS 1799 {} 200.28
}
#VER A 1043 20220319 If skadeförs 20190201
{
   #TRANS 1930 {} -1583.00
   #TRANS 1799 {} 1583.00
}
#VER A 1044 20220319 Alby gfc AB /19-01-31 20190201
{
   #TRANS 1930 {} -232.00
   #TRANS 1799 {} 232.00
}
#VER A 1045 20220319 46763091777 20190204
{
   #TRANS 1930 {} 87000.00
   #TRANS 1910 {} -87000.00
}
#VER A 1046 20220319 46760755249 20190204
{
   #TRANS 1930 {} 1000.00
   #TRANS 1910 {} -1000.00
}
#VER A 1047 20220319 46707412179 20190204
{
   #TRANS 1930 {} 1000.00
   #TRANS 1910 {} -1000.00
}
#VER A 1048 20220319 7710096913 20190204
{
   #TRANS 1930 {} -125000.00
   #TRANS 1799 {} 125000.00
}
#VER A 1049 20220319 Bauhaus botk/19-02-02 20190204
{
   #TRANS 1930 {} -1045.00
   #TRANS 1799 {} 1045.00
}
#VER A 1050 20220319 Ingo soderte/19-02-02 20190204
{
   #TRANS 1930 {} -200.22
   #TRANS 1799 {} 200.22
}
#VER A 1051 20220319 Shell 7-11 6/19-02-02 20190204
{
   #TRANS 1930 {} -88.81
   #TRANS 1799 {} 88.81
}
#VER A 1052 20220319 Shell 7-11 6/19-02-02 20190204
{
   #TRANS 1930 {} -253.21
   #TRANS 1799 {} 253.21
}
#VER A 1053 20220319 Stjärnans bilteknik AB 20190205
{
   #TRANS 1930 {} -250.00
   #TRANS 1799 {} 250.00
}
#VER A 1054 20220319 Bolagsverket/anmälan o r 20190205
{
   #TRANS 1930 {} -850.00
   #TRANS 1799 {} 850.00
}
#VER A 1055 20220319 Santander consumer bank 20190206
{
   #TRANS 1930 {} -210151.00
   #TRANS 1799 {} 210151.00
}
#VER A 1056 20220319 Aut09:47 ins 20190206
{
   #TRANS 1930 {} 20000.00
   #TRANS 1910 {} -20000.00
}
#VER A 1057 20220319 Bg 222-9698 20190206
{
   #TRANS 1930 {} 35000.00
   #TRANS 1910 {} -35000.00
}
#VER A 1058 20220319 46705708069 20190206
{
   #TRANS 1930 {} 25000.00
   #TRANS 1910 {} -25000.00
}
#VER A 1059 20220319 46705708069 20190206
{
   #TRANS 1930 {} 1695.00
   #TRANS 1910 {} -1695.00
}
#VER A 1060 20220319 Shell 7-11 6/19-02-05 20190206
{
   #TRANS 1930 {} -100.08
   #TRANS 1799 {} 100.08
}
#VER A 1061 20220319 St1 alby    /19-02-05 20190206
{
   #TRANS 1930 {} -262.84
   #TRANS 1799 {} 262.84
}
#VER A 1062 20220319 Bg 222-9698 20190207
{
   #TRANS 1930 {} 260000.00
   #TRANS 1910 {} -260000.00
}
#VER A 1063 20220319 Nordea finans sverige AB 20190208
{
   #TRANS 1930 {} -100242.00
   #TRANS 1799 {} 100242.00
}
#VER A 1064 20220319 Bisnode sverige AB 20190208
{
   #TRANS 1930 {} -299.00
   #TRANS 1799 {} 299.00
}
#VER A 1065 20220319 Svea inkasso AB 20190208
{
   #TRANS 1930 {} -596.00
   #TRANS 1799 {} 596.00
}
#VER A 1066 20220319 Bg 222-9698 20190208
{
   #TRANS 1930 {} 102395.00
   #TRANS 1910 {} -102395.00
}
#VER A 1067 20220319 Statoil 1-2-/19-02-07 20190208
{
   #TRANS 1930 {} -201.30
   #TRANS 1799 {} 201.30
}
#VER A 1068 20220319 46700545361 20190211
{
   #TRANS 1930 {} 1000.00
   #TRANS 1910 {} -1000.00
}
#VER A 1069 20220319 Shell 7-11 6/19-02-08 20190211
{
   #TRANS 1930 {} -150.12
   #TRANS 1799 {} 150.12
}
#VER A 1070 20220319 Sodertelje k/19-02-07 20190211
{
   #TRANS 1930 {} -33.00
   #TRANS 1799 {} 33.00
}
#VER A 1071 20220319 Quality inns/19-02-07 20190211
{
   #TRANS 1930 {} -320.00
   #TRANS 1799 {} 320.00
}
#VER A 1072 20220319 Skatteverket 20190211
{
   #TRANS 1930 {} -14500.00
   #TRANS 1630 {} 14500.00
}
#VER A 1073 20220319 Cth224 20190211
{
   #TRANS 1930 {} -320000.00
   #TRANS 1799 {} 320000.00
}
#VER A 1074 20220319 842029332754 20190211
{
   #TRANS 1930 {} -49849.00
   #TRANS 1799 {} 49849.00
}
#VER A 1075 20220319 300 auto AB 20190212
{
   #TRANS 1930 {} 1000.00
   #TRANS 1910 {} -1000.00
}
#VER A 1076 20220319 Shell 7-11 6/19-02-11 20190212
{
   #TRANS 1930 {} -200.12
   #TRANS 1799 {} 200.12
}
#VER A 1077 20220319 Jönköpings bildemonterin 20190213
{
   #TRANS 1930 {} -5150.00
   #TRANS 1799 {} 5150.00
}
#VER A 1078 20220319 H08392652034 20190213
{
   #TRANS 1930 {} 339800.00
   #TRANS 1910 {} -339800.00
}
#VER A 1079 20220319 Transportstyrelsen 20190214
{
   #TRANS 1930 {} -1062.00
   #TRANS 1799 {} 1062.00
}
#VER A 1080 20220319 Energikundservice sverig 20190214
{
   #TRANS 1930 {} -248.00
   #TRANS 1799 {} 248.00
}
#VER A 1081 20220319 Autoconcept insurance AB 20190214
{
   #TRANS 1930 {} -9685.00
   #TRANS 2893 {} 9685.00
}
#VER A 1082 20220319 Svea inkasso AB 20190214
{
   #TRANS 1930 {} -780.00
   #TRANS 1799 {} 780.00
}
#VER A 1083 20220319 46767086446 20190214
{
   #TRANS 1930 {} 137395.00
   #TRANS 1910 {} -137395.00
}
#VER A 1084 20220319 Circle k sod/19-02-13 20190214
{
   #TRANS 1930 {} -89.00
   #TRANS 1799 {} 89.00
}
#VER A 1085 20220319 Circle k sod/19-02-13 20190214
{
   #TRANS 1930 {} -500.06
   #TRANS 1799 {} 500.06
}
#VER A 1086 20220319 St1 alby    /19-02-13 20190214
{
   #TRANS 1930 {} -100.08
   #TRANS 1799 {} 100.08
}
#VER A 1087 20220319 Shell 7-11 6/19-02-14 20190215
{
   #TRANS 1930 {} -200.03
   #TRANS 1799 {} 200.03
}
#VER A 1088 20220319 St1 alby    /19-02-14 20190215
{
   #TRANS 1930 {} -200.06
   #TRANS 1799 {} 200.06
}
#VER A 1089 20220319 St1 alby    /19-02-15 20190218
{
   #TRANS 1930 {} -248.53
   #TRANS 1799 {} 248.53
}
#VER A 1090 20220319 Autoconcept insurance AB 20190218
{
   #TRANS 1930 {} -1855.00
   #TRANS 2893 {} 1855.00
}
#VER A 1091 20220319 Etr216 20190218
{
   #TRANS 1930 {} -309000.00
   #TRANS 1799 {} 309000.00
}
#VER A 1092 20220319 842441241283 20190218
{
   #TRANS 1930 {} -130000.00
   #TRANS 1799 {} 130000.00
}
#VER A 1093 20220319 Bg 222-9698 20190218
{
   #TRANS 1930 {} 97000.00
   #TRANS 1910 {} -97000.00
}
#VER A 1094 20220319 St1 alby    /19-02-17 20190218
{
   #TRANS 1930 {} -207.93
   #TRANS 1799 {} 207.93
}
#VER A 1095 20220319 Biltema swed/19-02-17 20190218
{
   #TRANS 1930 {} -79.90
   #TRANS 1799 {} 79.90
}
#VER A 1096 20220319 Biltema swed/19-02-17 20190218
{
   #TRANS 1930 {} -423.30
   #TRANS 1799 {} 423.30
}
#VER A 1097 20220319 Shell 7-11 6/19-02-16 20190218
{
   #TRANS 1930 {} -200.36
   #TRANS 1799 {} 200.36
}
#VER A 1098 20220319 Dekaltrim AB 20190219
{
   #TRANS 1930 {} -3432.00
   #TRANS 1799 {} 3432.00
}
#VER A 1099 20220319 Energikundservice sverig 20190219
{
   #TRANS 1930 {} -202.00
   #TRANS 1799 {} 202.00
}
#VER A 1100 20220319 Göteborg energi din el a 20190219
{
   #TRANS 1930 {} -226.00
   #TRANS 1799 {} 226.00
}
#VER A 1101 20220319 Gnd469 20190219
{
   #TRANS 1930 {} 265500.00
   #TRANS 1910 {} -265500.00
}
#VER A 1102 20220319 Bg 222-9698 20190219
{
   #TRANS 1930 {} 4907.50
   #TRANS 1910 {} -4907.50
}
#VER A 1103 20220319 46739682220 20190219
{
   #TRANS 1930 {} 29000.00
   #TRANS 1910 {} -29000.00
}
#VER A 1104 20220319 Filmkedjan s/19-02-18 20190219
{
   #TRANS 1930 {} -32.00
   #TRANS 1799 {} 32.00
}
#VER A 1105 20220319 Ingo soderte/19-02-18 20190219
{
   #TRANS 1930 {} -500.04
   #TRANS 1799 {} 500.04
}
#VER A 1106 20220319 Bilprovninge/19-02-19 20190220
{
   #TRANS 1930 {} -499.00
   #TRANS 1799 {} 499.00
}
#VER A 1107 20220319 St1 alby    /19-02-19 20190220
{
   #TRANS 1930 {} -101.40
   #TRANS 1799 {} 101.40
}
#VER A 1108 20220319 St1 alby    /19-02-19 20190220
{
   #TRANS 1930 {} -347.01
   #TRANS 1799 {} 347.01
}
#VER A 1109 20220319 Rusta borkyr/19-02-19 20190220
{
   #TRANS 1930 {} -303.00
   #TRANS 1799 {} 303.00
}
#VER A 1110 20220319 Pizza hut ha/19-02-19 20190220
{
   #TRANS 1930 {} -95.00
   #TRANS 1799 {} 95.00
}
#VER A 1111 20220319 46703273977 20190221
{
   #TRANS 1930 {} 124800.00
   #TRANS 1910 {} -124800.00
}
#VER A 1112 20220319 Autoconcept insurance AB 20190222
{
   #TRANS 1930 {} -1695.00
   #TRANS 2893 {} 1695.00
}
#VER A 1113 20220319 46707327832 20190222
{
   #TRANS 1930 {} 1000.00
   #TRANS 1910 {} -1000.00
}
#VER A 1114 20220319 Shell 7-11 6/19-02-21 20190222
{
   #TRANS 1930 {} -165.00
   #TRANS 1799 {} 165.00
}
#VER A 1115 20220319 Bilprovninge/19-02-21 20190222
{
   #TRANS 1930 {} -289.00
   #TRANS 1799 {} 289.00
}
#VER A 1116 20220319 Etraveli com/19-02-21 20190222
{
   #TRANS 1930 {} -4156.00
   #TRANS 1799 {} 4156.00
}
#VER A 1117 20220319 Clean expres/19-02-21 20190222
{
   #TRANS 1930 {} -60.00
   #TRANS 1799 {} 60.00
}
#VER A 1118 20220319 Clean expres/19-02-21 20190222
{
   #TRANS 1930 {} -60.00
   #TRANS 1799 {} 60.00
}
#VER A 1119 20220319 Clean expres/19-02-21 20190222
{
   #TRANS 1930 {} -60.00
   #TRANS 1799 {} 60.00
}
#VER A 1120 20220319 46738907773 20190225
{
   #TRANS 1930 {} 1000.00
   #TRANS 1910 {} -1000.00
}
#VER A 1121 20220319 53640166280 20190225
{
   #TRANS 1930 {} -20000.00
   #TRANS 1799 {} 20000.00
}
#VER A 1122 20220319 Biltema swed/19-02-22 20190225
{
   #TRANS 1930 {} -201.60
   #TRANS 1799 {} 201.60
}
#VER A 1123 20220319 Pizza hut ha/19-02-22 20190225
{
   #TRANS 1930 {} -95.00
   #TRANS 1799 {} 95.00
}
#VER A 1124 20220319 90230251341 20190225
{
   #TRANS 1930 {} -135000.00
   #TRANS 1799 {} 135000.00
}
#VER A 1125 20220319 46730367436 20190225
{
   #TRANS 1930 {} 1000.00
   #TRANS 1910 {} -1000.00
}
#VER A 1126 20220319 46705563678 20190225
{
   #TRANS 1930 {} 39960.00
   #TRANS 1910 {} -39960.00
}
#VER A 1127 20220319 D sseldorf  /19-02-24 20190225
{
   #TRANS 1930 {} -171.52
   #TRANS 1799 {} 171.52
}
#VER A 1128 20220319 Bonn        /19-02-24 20190225
{
   #TRANS 1930 {} -42.34
   #TRANS 1799 {} 42.34
}
#VER A 1129 20220319 Duesseldorf /19-02-24 20190225
{
   #TRANS 1930 {} -33.65
   #TRANS 1799 {} 33.65
}
#VER A 1130 20220319 Duesseldorf /19-02-24 20190225
{
   #TRANS 1930 {} -43.96
   #TRANS 1799 {} 43.96
}
#VER A 1131 20220319 Swedavia arn/19-02-24 20190225
{
   #TRANS 1930 {} -165.00
   #TRANS 1799 {} 165.00
}
#VER A 1132 20220319 St1 alby    /19-02-24 20190225
{
   #TRANS 1930 {} -500.65
   #TRANS 1799 {} 500.65
}
#VER A 1133 20220319 Yokab AB 20190226
{
   #TRANS 1930 {} -9500.00
   #TRANS 1799 {} 9500.00
}
#VER A 1134 20220319 Skatteverket 20190226
{
   #TRANS 1930 {} -13731.00
   #TRANS 1630 {} 13731.00
}
#VER A 1135 20220319 Formac production AB 20190226
{
   #TRANS 1930 {} -1455.00
   #TRANS 1799 {} 1455.00
}
#VER A 1136 20220319 290570146794 20190226
{
   #TRANS 1930 {} -1682.33
   #TRANS 1799 {} 1682.33
}
#VER A 1137 20220319 Kostnad 20190226
{
   #TRANS 1930 {} -35.00
   #TRANS 1799 {} 35.00
}
#VER A 1138 20220319 46761153345 20190226
{
   #TRANS 1930 {} 500.00
   #TRANS 1910 {} -500.00
}
#VER A 1139 20220319 Frankfurt   /19-02-24 20190226
{
   #TRANS 1930 {} -32.49
   #TRANS 1799 {} 32.49
}
#VER A 1140 20220319 Mekonomen de/19-02-25 20190226
{
   #TRANS 1930 {} -442.44
   #TRANS 1799 {} 442.44
}
#VER A 1141 20220319 St1 alby    /19-02-25 20190226
{
   #TRANS 1930 {} -200.15
   #TRANS 1799 {} 200.15
}
#VER A 1142 20220319 Bonn        /19-02-25 20190226
{
   #TRANS 1930 {} 42.23
   #TRANS 1910 {} -42.23
}
#VER A 1143 20220319 Trängselskatt transports 20190227
{
   #TRANS 1930 {} -33.00
   #TRANS 1630 {} 33.00
}
#VER A 1144 20220319 Trängselskatt transports 20190227
{
   #TRANS 1930 {} -48.00
   #TRANS 1630 {} 48.00
}
#VER A 1145 20220319 Trängselskatt transports 20190227
{
   #TRANS 1930 {} -85.00
   #TRANS 1630 {} 85.00
}
#VER A 1146 20220319 Trängselskatt transports 20190227
{
   #TRANS 1930 {} -316.00
   #TRANS 1630 {} 316.00
}
#VER A 1147 20220319 Skatteverket 20190227
{
   #TRANS 1930 {} -30000.00
   #TRANS 1630 {} 30000.00
}
#VER A 1148 20220319 Fordonsskatt transportst 20190227
{
   #TRANS 1930 {} -65.00
   #TRANS 1630 {} 65.00
}
#VER A 1149 20220319 Fordonsskatt transportst 20190227
{
   #TRANS 1930 {} -65.00
   #TRANS 1630 {} 65.00
}
#VER A 1150 20220319 Fordonsskatt transportst 20190227
{
   #TRANS 1930 {} -1723.00
   #TRANS 1630 {} 1723.00
}
#VER A 1151 20220319 Autoconcept insurance AB 20190227
{
   #TRANS 1930 {} -8088.00
   #TRANS 2893 {} 8088.00
}
#VER A 1152 20220319 Santander consumer bank 20190227
{
   #TRANS 1930 {} -168692.00
   #TRANS 1799 {} 168692.00
}
#VER A 1153 20220319 Tele2 sverige AB 20190227
{
   #TRANS 1930 {} -470.00
   #TRANS 1799 {} 470.00
}
#VER A 1154 20220319 H25393526637 20190227
{
   #TRANS 1930 {} 10000.00
   #TRANS 1910 {} -10000.00
}
#VER A 1155 20220319 Kostnad 20190227
{
   #TRANS 1930 {} -22.00
   #TRANS 1799 {} 22.00
}
#VER A 1156 20220319 13270100248 20190227
{
   #TRANS 1930 {} -32800.00
   #TRANS 1799 {} 32800.00
}
#VER A 1157 20220319 810596936760 20190227
{
   #TRANS 1930 {} -60000.00
   #TRANS 1799 {} 60000.00
}
#VER A 1158 20220319 Ica supermar/19-02-26 20190227
{
   #TRANS 1930 {} -136.00
   #TRANS 1799 {} 136.00
}
#VER A 1159 20220319 Felparkeringsavgift tran 20190228
{
   #TRANS 1930 {} -700.00
   #TRANS 1799 {} 700.00
}
#VER A 1160 20220319 Alby gfc AB /19-02-27 20190228
{
   #TRANS 1930 {} -145.00
   #TRANS 1799 {} 145.00
}
#VER A 1161 20220319 If skadeförs 20190301
{
   #TRANS 1930 {} -1583.00
   #TRANS 1799 {} 1583.00
}
#VER A 1162 20220319 46729233001 20190304
{
   #TRANS 1930 {} 20000.00
   #TRANS 1910 {} -20000.00
}
#VER A 1163 20220319 Lån 20190304
{
   #TRANS 1930 {} 60000.00
   #TRANS 1910 {} -60000.00
}
#VER A 1164 20220319 Bg 222-9698 20190304
{
   #TRANS 1930 {} 159840.00
   #TRANS 1910 {} -159840.00
}
#VER A 1165 20220319 Banktjänster 20190304
{
   #TRANS 1930 {} -27.50
   #TRANS 6570 {} 27.50
}
#VER A 1166 20220319 Banktjänster 20190304
{
   #TRANS 1930 {} -140.00
   #TRANS 6570 {} 140.00
}
#VER A 1167 20220319 Maxi ica sto/19-03-03 20190304
{
   #TRANS 1930 {} -601.80
   #TRANS 1799 {} 601.80
}
#VER A 1168 20220319 Shell 7-11 6/19-03-03 20190304
{
   #TRANS 1930 {} -200.48
   #TRANS 1799 {} 200.48
}
#VER A 1169 20220319 Biltema swed/19-03-02 20190304
{
   #TRANS 1930 {} -99.60
   #TRANS 1799 {} 99.60
}
#VER A 1170 20220319 Hemköp öster/19-03-02 20190304
{
   #TRANS 1930 {} -22.95
   #TRANS 1799 {} 22.95
}
#VER A 1171 20220319 Circle k kun/19-03-02 20190304
{
   #TRANS 1930 {} -200.84
   #TRANS 1799 {} 200.84
}
#VER A 1172 20220319 Stjärnans bilteknik AB 20190305
{
   #TRANS 1930 {} -4824.00
   #TRANS 1799 {} 4824.00
}
#VER A 1173 20220319 53680281366 20190305
{
   #TRANS 1930 {} -16308.00
   #TRANS 1799 {} 16308.00
}
#VER A 1174 20220319 St1 alby    /19-03-04 20190305
{
   #TRANS 1930 {} -400.75
   #TRANS 1799 {} 400.75
}
#VER A 1175 20220319 838169249636 20190306
{
   #TRANS 1930 {} -120000.00
   #TRANS 1799 {} 120000.00
}
#VER A 1176 20220319 46707133542 20190306
{
   #TRANS 1930 {} 28375.00
   #TRANS 1910 {} -28375.00
}
#VER A 1177 20220319 Alby gfc AB /19-03-05 20190306
{
   #TRANS 1930 {} -125.00
   #TRANS 1799 {} 125.00
}
#VER A 1178 20220319 Svea ekonomi AB 20190307
{
   #TRANS 1930 {} -1175.00
   #TRANS 1799 {} 1175.00
}
#VER A 1179 20220319 Svea ekonomi AB 20190307
{
   #TRANS 1930 {} -2000.00
   #TRANS 1799 {} 2000.00
}
#VER A 1180 20220319 Sector alarm företag/pay 20190307
{
   #TRANS 1930 {} -1567.50
   #TRANS 1799 {} 1567.50
}
#VER A 1181 20220319 Parkman i sverige AB 20190307
{
   #TRANS 1930 {} -55.00
   #TRANS 1799 {} 55.00
}
#VER A 1182 20220319 Parkman i sverige AB 20190307
{
   #TRANS 1930 {} -115.00
   #TRANS 1799 {} 115.00
}
#VER A 1183 20220319 Autoconcept insurance AB 20190307
{
   #TRANS 1930 {} -1695.00
   #TRANS 2893 {} 1695.00
}
#VER A 1184 20220319 Tele2 sverige AB 20190307
{
   #TRANS 1930 {} -415.00
   #TRANS 1799 {} 415.00
}
#VER A 1185 20220319 Bisnode sverige AB 20190307
{
   #TRANS 1930 {} -333.00
   #TRANS 1799 {} 333.00
}
#VER A 1186 20220319 Svea inkasso AB 20190307
{
   #TRANS 1930 {} -184.00
   #TRANS 1799 {} 184.00
}
#VER A 1187 20220319 Energikundservice sverig 20190307
{
   #TRANS 1930 {} -202.00
   #TRANS 1799 {} 202.00
}
#VER A 1188 20220319 Mb-e220 20190307
{
   #TRANS 1930 {} -165000.00
   #TRANS 1799 {} 165000.00
}
#VER A 1189 20220319 H05394052030 20190307
{
   #TRANS 1930 {} 170000.00
   #TRANS 1910 {} -170000.00
}
#VER A 1190 20220319 Kostnad 20190307
{
   #TRANS 1930 {} -22.00
   #TRANS 1799 {} 22.00
}
#VER A 1191 20220319 H05394071970 20190307
{
   #TRANS 1930 {} 234640.00
   #TRANS 1910 {} -234640.00
}
#VER A 1192 20220319 Kostnad 20190307
{
   #TRANS 1930 {} -22.00
   #TRANS 1799 {} 22.00
}
#VER A 1193 20220319 Foy897 20190307
{
   #TRANS 1930 {} 70000.00
   #TRANS 1910 {} -70000.00
}
#VER A 1194 20220319 Maxi ica sto/19-03-06 20190307
{
   #TRANS 1930 {} -66.20
   #TRANS 1799 {} 66.20
}
#VER A 1195 20220319 Biltema swed/19-03-06 20190307
{
   #TRANS 1930 {} -19.90
   #TRANS 1799 {} 19.90
}
#VER A 1196 20220319 Stora coop s/19-03-05 20190307
{
   #TRANS 1930 {} -59.95
   #TRANS 1799 {} 59.95
}
#VER A 1197 20220319 46723335711 20190307
{
   #TRANS 1930 {} 26921.00
   #TRANS 1910 {} -26921.00
}
#VER A 1198 20220319 290670227033 20190308
{
   #TRANS 1930 {} -2459.26
   #TRANS 1799 {} 2459.26
}
#VER A 1199 20220319 Kostnad 20190308
{
   #TRANS 1930 {} -55.00
   #TRANS 1799 {} 55.00
}
#VER A 1200 20220319 Bg 222-9698 20190308
{
   #TRANS 1930 {} 114800.00
   #TRANS 1910 {} -114800.00
}
#VER A 1201 20220319 46737185910 20190308
{
   #TRANS 1930 {} 5000.00
   #TRANS 1910 {} -5000.00
}
#VER A 1202 20220319 46737185910 20190308
{
   #TRANS 1930 {} 5000.00
   #TRANS 1910 {} -5000.00
}
#VER A 1203 20220319 Okq8        /19-03-07 20190308
{
   #TRANS 1930 {} -803.20
   #TRANS 1799 {} 803.20
}
#VER A 1204 20220319 Circle k ork/19-03-07 20190308
{
   #TRANS 1930 {} -700.54
   #TRANS 1799 {} 700.54
}
#VER A 1205 20220319 Statoil 1-2-/19-03-07 20190308
{
   #TRANS 1930 {} -400.20
   #TRANS 1799 {} 400.20
}
#VER A 1206 20220319 Shell herrbe/19-03-07 20190308
{
   #TRANS 1930 {} -213.00
   #TRANS 1799 {} 213.00
}
#VER A 1207 20220319 Shell herrbe/19-03-07 20190308
{
   #TRANS 1930 {} -30.00
   #TRANS 1799 {} 30.00
}
#VER A 1208 20220319 46761062323 20190311
{
   #TRANS 1930 {} 1000.00
   #TRANS 1910 {} -1000.00
}
#VER A 1209 20220319 46737781302 20190311
{
   #TRANS 1930 {} 1000.00
   #TRANS 1910 {} -1000.00
}
#VER A 1210 20220319 46702007408 20190311
{
   #TRANS 1930 {} 30000.00
   #TRANS 1910 {} -30000.00
}
#VER A 1211 20220319 53543382608 20190311
{
   #TRANS 1930 {} -100000.00
   #TRANS 1799 {} 100000.00
}
#VER A 1212 20220319 53543391674 20190311
{
   #TRANS 1930 {} -100000.00
   #TRANS 1799 {} 100000.00
}
#VER A 1213 20220319 Wasa kredit AB 20190311
{
   #TRANS 1930 {} -237079.00
   #TRANS 1799 {} 237079.00
}
#VER A 1214 20220319 Bilgiganten i stockholm 20190311
{
   #TRANS 1930 {} -1324.00
   #TRANS 1799 {} 1324.00
}
#VER A 1215 20220319 Carcenter group i stockh 20190311
{
   #TRANS 1930 {} -3125.00
   #TRANS 1799 {} 3125.00
}
#VER A 1216 20220319 Carcenter group i stockh 20190311
{
   #TRANS 1930 {} -5000.00
   #TRANS 1799 {} 5000.00
}
#VER A 1217 20220319 46762757757 20190311
{
   #TRANS 1930 {} 1000.00
   #TRANS 1910 {} -1000.00
}
#VER A 1218 20220319 Mcdonalds mo/19-03-09 20190311
{
   #TRANS 1930 {} -102.00
   #TRANS 1799 {} 102.00
}
#VER A 1219 20220319 618677892759 20190312
{
   #TRANS 1930 {} -85000.00
   #TRANS 1799 {} 85000.00
}
#VER A 1220 20220319 Bg 222-9698 20190312
{
   #TRANS 1930 {} 329800.00
   #TRANS 1910 {} -329800.00
}
#VER A 1221 20220319 46739129503 20190312
{
   #TRANS 1930 {} 500.00
   #TRANS 1910 {} -500.00
}
#VER A 1222 20220319 Ingo soderte/19-03-11 20190312
{
   #TRANS 1930 {} -600.46
   #TRANS 1799 {} 600.46
}
#VER A 1223 20220319 Botkyrka mek/19-03-11 20190312
{
   #TRANS 1930 {} -200.00
   #TRANS 1799 {} 200.00
}
#VER A 1224 20220319 Stjärnans bilteknik AB 20190313
{
   #TRANS 1930 {} -750.00
   #TRANS 1799 {} 750.00
}
#VER A 1225 20220319 Foy897 20190313
{
   #TRANS 1930 {} -380000.00
   #TRANS 1799 {} 380000.00
}
#VER A 1226 20220319 Bg 222-9698 20190313
{
   #TRANS 1930 {} 19800.00
   #TRANS 1910 {} -19800.00
}
#VER A 1227 20220319 53640166280 20190313
{
   #TRANS 1930 {} -20000.00
   #TRANS 1799 {} 20000.00
}
#VER A 1228 20220319 46739456624 20190313
{
   #TRANS 1930 {} 6355.00
   #TRANS 1910 {} -6355.00
}
#VER A 1229 20220319 Ingo soderte/19-03-12 20190313
{
   #TRANS 1930 {} -200.21
   #TRANS 1799 {} 200.21
}
#VER A 1230 20220319 Okq8        /19-03-11 20190313
{
   #TRANS 1930 {} -120.13
   #TRANS 1799 {} 120.13
}
#VER A 1231 20220319 Media markt /19-03-11 20190313
{
   #TRANS 1930 {} -149.00
   #TRANS 1799 {} 149.00
}
#VER A 1232 20220319 Burger king /19-03-12 20190313
{
   #TRANS 1930 {} -98.00
   #TRANS 1799 {} 98.00
}
#VER A 1233 20220319 Reparera bil i stockholm 20190314
{
   #TRANS 1930 {} -875.00
   #TRANS 1799 {} 875.00
}
#VER A 1234 20220319 Hej 20190314
{
   #TRANS 1930 {} 89800.00
   #TRANS 1910 {} -89800.00
}
#VER A 1235 20220319 H12394466051 20190314
{
   #TRANS 1930 {} 128000.00
   #TRANS 1910 {} -128000.00
}
#VER A 1236 20220319 Kostnad 20190314
{
   #TRANS 1930 {} -22.00
   #TRANS 1799 {} 22.00
}
#VER A 1237 20220319 Bg 222-9698 20190314
{
   #TRANS 1930 {} 83820.00
   #TRANS 1910 {} -83820.00
}
#VER A 1238 20220319 Shell norsbo/19-03-13 20190314
{
   #TRANS 1930 {} -300.00
   #TRANS 1799 {} 300.00
}
#VER A 1239 20220319 Klarna   mtr/19-03-14 20190315
{
   #TRANS 1930 {} -569.00
   #TRANS 1799 {} 569.00
}
#VER A 1240 20220319 Biltema swed/19-03-15 20190318
{
   #TRANS 1930 {} -151.60
   #TRANS 1799 {} 151.60
}
#VER A 1241 20220319 Media markt /19-03-15 20190318
{
   #TRANS 1930 {} -2819.00
   #TRANS 1799 {} 2819.00
}
#VER A 1242 20220319 Msp bascom  /19-03-15 20190318
{
   #TRANS 1930 {} -21769.11
   #TRANS 1799 {} 21769.11
}
#VER A 1243 20220319 Energikundservice sverig 20190318
{
   #TRANS 1930 {} -338.00
   #TRANS 1799 {} 338.00
}
#VER A 1244 20220319 46739129503 20190318
{
   #TRANS 1930 {} 500.00
   #TRANS 1910 {} -500.00
}
#VER A 1245 20220319 46766439746 20190318
{
   #TRANS 1930 {} 1000.00
   #TRANS 1910 {} -1000.00
}
#VER A 1246 20220319 46703720121 20190318
{
   #TRANS 1930 {} 1000.00
   #TRANS 1910 {} -1000.00
}
#VER A 1247 20220319 Circle k kun/19-03-17 20190318
{
   #TRANS 1930 {} -293.10
   #TRANS 1799 {} 293.10
}
#VER A 1248 20220319 Ikea-kungens/19-03-17 20190318
{
   #TRANS 1930 {} -1495.00
   #TRANS 1799 {} 1495.00
}
#VER A 1249 20220319 St1 nyköping/19-03-17 20190318
{
   #TRANS 1930 {} -201.80
   #TRANS 1799 {} 201.80
}
#VER A 1250 20220319 Mercedes-benz finans sve 20190319
{
   #TRANS 1930 {} -140993.00
   #TRANS 1799 {} 140993.00
}
#VER A 1251 20220319 52593466065 20190319
{
   #TRANS 1930 {} -118000.00
   #TRANS 1799 {} 118000.00
}
#VER A 1252 20220319 Kjell & co 5/19-03-18 20190319
{
   #TRANS 1930 {} -2079.70
   #TRANS 1799 {} 2079.70
}
#VER A 1253 20220319 Maxi ica sto/19-03-18 20190319
{
   #TRANS 1930 {} -79.00
   #TRANS 1799 {} 79.00
}
#VER A 1254 20220319 46727184150 20190320
{
   #TRANS 1930 {} 1000.00
   #TRANS 1910 {} -1000.00
}
#VER A 1255 20220319 300 auto AB 20190320
{
   #TRANS 1930 {} 100000.00
   #TRANS 1910 {} -100000.00
}
#VER A 1256 20220319 46704299608 20190320
{
   #TRANS 1930 {} 1000.00
   #TRANS 1910 {} -1000.00
}
#VER A 1257 20220319 46739235548 20190320
{
   #TRANS 1930 {} 10000.00
   #TRANS 1910 {} -10000.00
}
#VER A 1258 20220319 Clas ohlson /19-03-18 20190320
{
   #TRANS 1930 {} -179.70
   #TRANS 1799 {} 179.70
}
#VER A 1259 20220319 St1 alby    /19-03-19 20190320
{
   #TRANS 1930 {} -163.05
   #TRANS 1799 {} 163.05
}
#VER A 1260 20220319 St1 alby    /19-03-19 20190320
{
   #TRANS 1930 {} -201.16
   #TRANS 1799 {} 201.16
}
#VER A 1261 20220319 Trängselskatt transports 20190321
{
   #TRANS 1930 {} -559.00
   #TRANS 1630 {} 559.00
}
#VER A 1262 20220319 Trängselskatt transports 20190321
{
   #TRANS 1930 {} -699.00
   #TRANS 1630 {} 699.00
}
#VER A 1263 20220319 Skatteverket 20190321
{
   #TRANS 1930 {} -130000.00
   #TRANS 1630 {} 130000.00
}
#VER A 1264 20220319 Autoconcept insurance AB 20190321
{
   #TRANS 1930 {} -19478.00
   #TRANS 2893 {} 19478.00
}
#VER A 1265 20220319 Södertälje kommun ksk/re 20190321
{
   #TRANS 1930 {} -700.00
   #TRANS 1799 {} 700.00
}
#VER A 1266 20220319 46733146873 20190321
{
   #TRANS 1930 {} 500.00
   #TRANS 1910 {} -500.00
}
#VER A 1267 20220319 Bg 222-9698 20190321
{
   #TRANS 1930 {} 981.50
   #TRANS 1910 {} -981.50
}
#VER A 1268 20220319 Bauhaus botk/19-03-20 20190321
{
   #TRANS 1930 {} -1134.90
   #TRANS 1799 {} 1134.90
}
#VER A 1269 20220319 Klarna   mtr/19-03-20 20190321
{
   #TRANS 1930 {} -459.00
   #TRANS 1799 {} 459.00
}
#VER A 1270 20220319 Klarna   mtr/19-03-20 20190321
{
   #TRANS 1930 {} -349.00
   #TRANS 1799 {} 349.00
}
#VER A 1271 20220319 Klarna   mtr/19-03-20 20190321
{
   #TRANS 1930 {} -429.00
   #TRANS 1799 {} 429.00
}
#VER A 1272 20220319 Maxi ica sto/19-03-21 20190322
{
   #TRANS 1930 {} -768.50
   #TRANS 1799 {} 768.50
}
#VER A 1273 20220319 Klarna   mtr/19-03-21 20190322
{
   #TRANS 1930 {} 429.00
   #TRANS 1910 {} -429.00
}
#VER A 1274 20220319 Shell norsbo/19-03-21 20190322
{
   #TRANS 1930 {} -500.01
   #TRANS 1799 {} 500.01
}
#VER A 1275 20220319 Rsm253volvo 20190325
{
   #TRANS 1930 {} 131000.00
   #TRANS 1910 {} -131000.00
}
#VER A 1276 20220319 Ingo kungens/19-03-10 20190325
{
   #TRANS 1930 {} -383.43
   #TRANS 1799 {} 383.43
}
#VER A 1277 20220319 46703959893 20190325
{
   #TRANS 1930 {} 1000.00
   #TRANS 1910 {} -1000.00
}
#VER A 1278 20220319 46739235548 20190325
{
   #TRANS 1930 {} 30000.00
   #TRANS 1910 {} -30000.00
}
#VER A 1279 20220319 46738050123 20190325
{
   #TRANS 1930 {} 500.00
   #TRANS 1910 {} -500.00
}
#VER A 1280 20220319 Biltema swed/19-03-24 20190325
{
   #TRANS 1930 {} -249.00
   #TRANS 1799 {} 249.00
}
#VER A 1281 20220319 Biltema swed/19-03-24 20190325
{
   #TRANS 1930 {} -207.60
   #TRANS 1799 {} 207.60
}
#VER A 1282 20220319 Hotel on boo/19-03-24 20190325
{
   #TRANS 1930 {} -1442.70
   #TRANS 1799 {} 1442.70
}
#VER A 1283 20220319 660654879019 20190326
{
   #TRANS 1930 {} -79007.00
   #TRANS 1799 {} 79007.00
}
#VER A 1284 20220319 13270100248 20190326
{
   #TRANS 1930 {} -32800.00
   #TRANS 1799 {} 32800.00
}
#VER A 1285 20220319 Netonnet    /19-03-25 20190326
{
   #TRANS 1930 {} -87.00
   #TRANS 1799 {} 87.00
}
#VER A 1286 20220319 Biltema swed/19-03-25 20190326
{
   #TRANS 1930 {} -279.20
   #TRANS 1799 {} 279.20
}
#VER A 1287 20220319 Svea ekonomi AB 20190327
{
   #TRANS 1930 {} -1175.00
   #TRANS 1799 {} 1175.00
}
#VER A 1288 20220319 Svea ekonomi AB 20190327
{
   #TRANS 1930 {} -2060.00
   #TRANS 1799 {} 2060.00
}
#VER A 1289 20220319 Yokab AB 20190327
{
   #TRANS 1930 {} -9500.00
   #TRANS 1799 {} 9500.00
}
#VER A 1290 20220319 Göteborg energi din el a 20190327
{
   #TRANS 1930 {} -147.00
   #TRANS 1799 {} 147.00
}
#VER A 1291 20220319 Tele2 sverige AB 20190327
{
   #TRANS 1930 {} -724.00
   #TRANS 1799 {} 724.00
}
#VER A 1292 20220319 Tele2 sverige AB att: ku 20190327
{
   #TRANS 1930 {} -580.00
   #TRANS 1799 {} 580.00
}
#VER A 1293 20220319 Södertälje kommun ksk/re 20190327
{
   #TRANS 1930 {} -700.00
   #TRANS 1799 {} 700.00
}
#VER A 1294 20220319 One.com a/s 20190327
{
   #TRANS 1930 {} -475.00
   #TRANS 1799 {} 475.00
}
#VER A 1295 20220319 Bg 222-9698 20190327
{
   #TRANS 1930 {} 195840.00
   #TRANS 1910 {} -195840.00
}
#VER A 1296 20220319 Circle k kun/19-03-26 20190327
{
   #TRANS 1930 {} -259.82
   #TRANS 1799 {} 259.82
}
#VER A 1297 20220319 Bauhaus botk/19-03-26 20190327
{
   #TRANS 1930 {} -32.97
   #TRANS 1799 {} 32.97
}
#VER A 1298 20220319 Biltema swed/19-03-26 20190327
{
   #TRANS 1930 {} -199.00
   #TRANS 1799 {} 199.00
}
#VER A 1299 20220319 46707361686 20190328
{
   #TRANS 1930 {} 500.00
   #TRANS 1910 {} -500.00
}
#VER A 1300 20220319 Stjärnans bilteknik AB 20190329
{
   #TRANS 1930 {} -4000.00
   #TRANS 1799 {} 4000.00
}
#VER A 1301 20220319 Dsx463 20190329
{
   #TRANS 1930 {} -185000.00
   #TRANS 1799 {} 185000.00
}
#VER A 1302 20220319 Banktjänster 20190329
{
   #TRANS 1930 {} -178.00
   #TRANS 6570 {} 178.00
}
#VER A 1303 20220319 46700134465 20190329
{
   #TRANS 1930 {} 1000.00
   #TRANS 1910 {} -1000.00
}
#VER A 1304 20220319 Alby gfc AB /19-03-29 20190401
{
   #TRANS 1930 {} -170.00
   #TRANS 1799 {} 170.00
}
#VER A 1305 20220319 Circle k kun/19-03-29 20190401
{
   #TRANS 1930 {} -200.03
   #TRANS 1799 {} 200.03
}
#VER A 1306 20220319 If skadeförs 20190401
{
   #TRANS 1930 {} -1583.00
   #TRANS 1799 {} 1583.00
}
#VER A 1307 20220319 Bg 222-9698 20190401
{
   #TRANS 1930 {} 158700.00
   #TRANS 1910 {} -158700.00
}
#VER A 1308 20220319 Postvxl 20190401
{
   #TRANS 1930 {} -116100.00
   #TRANS 1799 {} 116100.00
}
#VER A 1309 20220319 Ingo soderte/19-03-31 20190401
{
   #TRANS 1930 {} -200.22
   #TRANS 1799 {} 200.22
}
#VER A 1310 20220319 Biltema swed/19-03-30 20190401
{
   #TRANS 1930 {} -121.80
   #TRANS 1799 {} 121.80
}
#VER A 1311 20220319 Ekeroleden  /19-03-31 20190402
{
   #TRANS 1930 {} -70.00
   #TRANS 1799 {} 70.00
}
#VER A 1312 20220319 Ekeroleden  /19-03-31 20190402
{
   #TRANS 1930 {} -70.00
   #TRANS 1799 {} 70.00
}
#VER A 1313 20220319 46704778409 20190403
{
   #TRANS 1930 {} 250.00
   #TRANS 1910 {} -250.00
}
#VER A 1314 20220319 Sodertelje k/19-04-01 20190403
{
   #TRANS 1930 {} -15.00
   #TRANS 1799 {} 15.00
}
#VER A 1315 20220319 Shell norsbo/19-04-03 20190404
{
   #TRANS 1930 {} -300.29
   #TRANS 1799 {} 300.29
}
#VER A 1316 20220319 Circle k sto/19-04-04 20190405
{
   #TRANS 1930 {} -201.10
   #TRANS 1799 {} 201.10
}
#VER A 1317 20220319 Kostnad 20190408
{
   #TRANS 1930 {} -22.00
   #TRANS 1799 {} 22.00
}
#VER A 1318 20220319 H04395940011 20190408
{
   #TRANS 1930 {} 19480.00
   #TRANS 1910 {} -19480.00
}
#VER A 1319 20220319 Blocket     /19-04-06 20190408
{
   #TRANS 1930 {} -70.00
   #TRANS 1799 {} 70.00
}
#VER A 1320 20220319 Ingo soderte/19-04-07 20190408
{
   #TRANS 1930 {} -1000.30
   #TRANS 1799 {} 1000.30
}
#VER A 1321 20220319 Bilia segelt/19-04-05 20190408
{
   #TRANS 1930 {} -1455.00
   #TRANS 1799 {} 1455.00
}
#VER A 1322 20220319 Shell södert/19-04-06 20190408
{
   #TRANS 1930 {} -200.03
   #TRANS 1799 {} 200.03
}
#VER A 1323 20220319 Comviq se to/19-04-06 20190408
{
   #TRANS 1930 {} -145.00
   #TRANS 1799 {} 145.00
}
#VER A 1324 20220319 46767859067 20190409
{
   #TRANS 1930 {} 1000.00
   #TRANS 1910 {} -1000.00
}
#VER A 1325 20220319 Retur pvxl 20190409
{
   #TRANS 1930 {} 116000.00
   #TRANS 1910 {} -116000.00
}
#VER A 1326 20220319 832799449467 20190409
{
   #TRANS 1930 {} -116000.00
   #TRANS 1799 {} 116000.00
}
#VER A 1327 20220319 Shell norsbo/19-04-08 20190409
{
   #TRANS 1930 {} -300.32
   #TRANS 1799 {} 300.32
}
#VER A 1328 20220319 Klarna  dekr/19-04-08 20190409
{
   #TRANS 1930 {} -379.00
   #TRANS 1799 {} 379.00
}
#VER A 1329 20220319 291000434898 20190410
{
   #TRANS 1930 {} -2151.72
   #TRANS 1799 {} 2151.72
}
#VER A 1330 20220319 Kostnad 20190410
{
   #TRANS 1930 {} -55.00
   #TRANS 1799 {} 55.00
}
#VER A 1331 20220319 46738973126 20190410
{
   #TRANS 1930 {} 1000.00
   #TRANS 1910 {} -1000.00
}
#VER A 1332 20220319 Bilprovninge/19-04-09 20190410
{
   #TRANS 1930 {} -499.00
   #TRANS 1799 {} 499.00
}
#VER A 1333 20220319 Circle k sto/19-04-10 20190411
{
   #TRANS 1930 {} -100.94
   #TRANS 1799 {} 100.94
}
#VER A 1334 20220319 Www dackonli/19-04-10 20190411
{
   #TRANS 1930 {} -3396.00
   #TRANS 1799 {} 3396.00
}
#VER A 1335 20220319 Shell södert/19-04-10 20190411
{
   #TRANS 1930 {} -50.49
   #TRANS 1799 {} 50.49
}
#VER A 1336 20220319 Sodertelje k/19-04-09 20190411
{
   #TRANS 1930 {} -9.00
   #TRANS 1799 {} 9.00
}
#VER A 1337 20220319 46708770415 20190412
{
   #TRANS 1930 {} 18480.00
   #TRANS 1910 {} -18480.00
}
#VER A 1338 20220319 Shell lindha/19-04-11 20190412
{
   #TRANS 1930 {} -500.19
   #TRANS 1799 {} 500.19
}
#VER A 1339 20220319 St1 alby    /19-04-12 20190415
{
   #TRANS 1930 {} -306.09
   #TRANS 1799 {} 306.09
}
#VER A 1340 20220319 46704839242 20190415
{
   #TRANS 1930 {} 2000.00
   #TRANS 1910 {} -2000.00
}
#VER A 1341 20220319 Bg 222-9698 20190415
{
   #TRANS 1930 {} 32400.00
   #TRANS 1910 {} -32400.00
}
#VER A 1342 20220319 Carspect int/19-04-12 20190415
{
   #TRANS 1930 {} -495.00
   #TRANS 1799 {} 495.00
}
#VER A 1343 20220319 Skatteverket 20190416
{
   #TRANS 1930 {} -20000.00
   #TRANS 1630 {} 20000.00
}
#VER A 1344 20220319 Santander consumer bank 20190416
{
   #TRANS 1930 {} -78295.00
   #TRANS 1799 {} 78295.00
}
#VER A 1345 20220319 H12396390254 20190416
{
   #TRANS 1930 {} 175320.00
   #TRANS 1910 {} -175320.00
}
#VER A 1346 20220319 Kostnad 20190416
{
   #TRANS 1930 {} -22.00
   #TRANS 1799 {} 22.00
}
#VER A 1347 20220319 Kty366 20190416
{
   #TRANS 1930 {} -163000.00
   #TRANS 1799 {} 163000.00
}
#VER A 1348 20220319 Alby gfc AB /19-04-15 20190416
{
   #TRANS 1930 {} -134.00
   #TRANS 1799 {} 134.00
}
#VER A 1349 20220319 Okq8        /19-04-14 20190416
{
   #TRANS 1930 {} -500.03
   #TRANS 1799 {} 500.03
}
#VER A 1350 20220319 St1 alby    /19-04-15 20190416
{
   #TRANS 1930 {} -602.24
   #TRANS 1799 {} 602.24
}
#VER A 1351 20220319 Bg 222-9698 20190417
{
   #TRANS 1930 {} 291600.00
   #TRANS 1910 {} -291600.00
}
#VER A 1352 20220319 612637142093 20190417
{
   #TRANS 1930 {} -168005.00
   #TRANS 1799 {} 168005.00
}
#VER A 1353 20220319 46762493174 20190417
{
   #TRANS 1930 {} 500.00
   #TRANS 1910 {} -500.00
}
#VER A 1354 20220319 Stjärnans bilteknik AB 20190418
{
   #TRANS 1930 {} -1500.00
   #TRANS 1799 {} 1500.00
}
#VER A 1355 20220319 Bilgiganten i stockholm 20190418
{
   #TRANS 1930 {} -839.00
   #TRANS 1799 {} 839.00
}
#VER A 1356 20220319 Bilgiganten i stockholm 20190418
{
   #TRANS 1930 {} -1799.00
   #TRANS 1799 {} 1799.00
}
#VER A 1357 20220319 Autounique i stockholm a 20190418
{
   #TRANS 1930 {} -2215.00
   #TRANS 2893 {} 2215.00
}
#VER A 1358 20220319 Autounique i stockholm a 20190418
{
   #TRANS 1930 {} -4750.00
   #TRANS 2893 {} 4750.00
}
#VER A 1359 20220319 Carcenter group i stockh 20190418
{
   #TRANS 1930 {} -2905.00
   #TRANS 1799 {} 2905.00
}
#VER A 1360 20220319 Kostnad 20190418
{
   #TRANS 1930 {} -35.00
   #TRANS 1799 {} 35.00
}
#VER A 1361 20220319 291080495879 20190418
{
   #TRANS 1930 {} -2108.93
   #TRANS 1799 {} 2108.93
}
#VER A 1362 20220319 St1 bålsta  /19-04-17 20190418
{
   #TRANS 1930 {} -200.27
   #TRANS 1799 {} 200.27
}
#VER A 1363 20220319 Delticom ag /19-04-17 20190418
{
   #TRANS 1930 {} -847.00
   #TRANS 1799 {} 847.00
}
#VER A 1364 20220319 Shell södert/19-04-18 20190423
{
   #TRANS 1930 {} -200.00
   #TRANS 1799 {} 200.00
}
#VER A 1365 20220319 St1 botkyrka/19-04-18 20190423
{
   #TRANS 1930 {} -100.08
   #TRANS 1799 {} 100.08
}
#VER A 1366 20220319 Circle k kun/19-04-19 20190423
{
   #TRANS 1930 {} -500.09
   #TRANS 1799 {} 500.09
}
#VER A 1367 20220319 Circle k kun/19-04-24 20190425
{
   #TRANS 1930 {} -500.17
   #TRANS 1799 {} 500.17
}
#VER A 1368 20220319 Bg 222-9698 20190426
{
   #TRANS 1930 {} 140200.00
   #TRANS 1910 {} -140200.00
}
#VER A 1369 20220319 009502133540 20190426
{
   #TRANS 1930 {} 139800.00
   #TRANS 1910 {} -139800.00
}
#VER A 1370 20220319 St1 alby    /19-04-25 20190426
{
   #TRANS 1930 {} -100.12
   #TRANS 1799 {} 100.12
}
#VER A 1371 20220319 46707791963 20190429
{
   #TRANS 1930 {} 1000.00
   #TRANS 1910 {} -1000.00
}
#VER A 1372 20220319 46708770415 20190429
{
   #TRANS 1930 {} 18480.00
   #TRANS 1910 {} -18480.00
}
#VER A 1373 20220319 Toyota kreditbank gmbh t 20190429
{
   #TRANS 1930 {} -117917.00
   #TRANS 1799 {} 117917.00
}
#VER A 1374 20220319 6704015772 20190429
{
   #TRANS 1930 {} -12083.00
   #TRANS 1799 {} 12083.00
}
#VER A 1375 20220319 7409276032 20190429
{
   #TRANS 1930 {} -122720.00
   #TRANS 1799 {} 122720.00
}
#VER A 1376 20220319 Ncw158 20190429
{
   #TRANS 1930 {} -140000.00
   #TRANS 1799 {} 140000.00
}
#VER A 1377 20220319 Rusta borkyr/19-04-27 20190429
{
   #TRANS 1930 {} -263.00
   #TRANS 1799 {} 263.00
}
#VER A 1378 20220319 Stjärnans bilteknik AB 20190430
{
   #TRANS 1930 {} -7236.00
   #TRANS 1799 {} 7236.00
}
#VER A 1379 20220319 Carcenter group i stockh 20190430
{
   #TRANS 1930 {} -5000.00
   #TRANS 1799 {} 5000.00
}
#VER A 1380 20220319 Hyra 20190430
{
   #TRANS 1930 {} -32800.00
   #TRANS 1799 {} 32800.00
}
#VER A 1381 20220319 46733867222 20190430
{
   #TRANS 1930 {} 1000.00
   #TRANS 1910 {} -1000.00
}
#VER A 1382 20220319 Ingo soderte/19-04-30 20190502
{
   #TRANS 1930 {} -200.14
   #TRANS 1799 {} 200.14
}
#VER A 1383 20220319 Rest te-be  /19-04-30 20190502
{
   #TRANS 1930 {} -90.00
   #TRANS 1799 {} 90.00
}
#VER A 1384 20220319 Bestsecret c/19-04-30 20190502
{
   #TRANS 1930 {} -1622.00
   #TRANS 1799 {} 1622.00
}
#VER A 1385 20220319 If skadeförs 20190502
{
   #TRANS 1930 {} -1759.00
   #TRANS 1799 {} 1759.00
}
#VER A 1386 20220319 46708422883 20190502
{
   #TRANS 1930 {} 1000.00
   #TRANS 1910 {} -1000.00
}
#VER A 1387 20220319 Banktjänster 20190502
{
   #TRANS 1930 {} -221.50
   #TRANS 6570 {} 221.50
}
#VER A 1388 20220319 46735668831 20190503
{
   #TRANS 1930 {} 24800.00
   #TRANS 1910 {} -24800.00
}
#VER A 1389 20220319 Ica supermar/19-05-02 20190503
{
   #TRANS 1930 {} -125.00
   #TRANS 1799 {} 125.00
}
#VER A 1390 20220319 D ckverkstad/19-05-02 20190503
{
   #TRANS 1930 {} -1300.00
   #TRANS 1799 {} 1300.00
}
#VER A 1391 20220319 Autounique i/19-05-03 20190506
{
   #TRANS 1930 {} -7993.00
   #TRANS 2893 {} 7993.00
}
#VER A 1392 20220319 Circle k kun/19-05-03 20190506
{
   #TRANS 1930 {} -200.24
   #TRANS 1799 {} 200.24
}
#VER A 1393 20220319 St1 alby    /19-05-03 20190506
{
   #TRANS 1930 {} -201.67
   #TRANS 1799 {} 201.67
}
#VER A 1394 20220319 Hsb brf södertälje ek fö 20190506
{
   #TRANS 1930 {} -180.00
   #TRANS 1799 {} 180.00
}
#VER A 1395 20220319 Svea ekonomi AB 20190506
{
   #TRANS 1930 {} -1235.00
   #TRANS 1799 {} 1235.00
}
#VER A 1396 20220319 Fordonsskatt transportst 20190506
{
   #TRANS 1930 {} -65.00
   #TRANS 1630 {} 65.00
}
#VER A 1397 20220319 Fordonsskatt transportst 20190506
{
   #TRANS 1930 {} -65.00
   #TRANS 1630 {} 65.00
}
#VER A 1398 20220319 300 auto AB 20190506
{
   #TRANS 1930 {} 100000.00
   #TRANS 1910 {} -100000.00
}
#VER A 1399 20220319 Santander consumer bank 20190507
{
   #TRANS 1930 {} -115628.00
   #TRANS 1799 {} 115628.00
}
#VER A 1400 20220319 Ingo soderte/19-05-06 20190507
{
   #TRANS 1930 {} -200.24
   #TRANS 1799 {} 200.24
}
#VER A 1401 20220319 Okq8        /19-05-05 20190507
{
   #TRANS 1930 {} -200.13
   #TRANS 1799 {} 200.13
}
#VER A 1402 20220319 Bg 222-9698 20190508
{
   #TRANS 1930 {} 303576.00
   #TRANS 1910 {} -303576.00
}
#VER A 1403 20220319 Skatteverket 20190509
{
   #TRANS 1930 {} -100000.00
   #TRANS 1630 {} 100000.00
}
#VER A 1404 20220319 90225034850 20190509
{
   #TRANS 1930 {} -135000.00
   #TRANS 1799 {} 135000.00
}
#VER A 1405 20220319 Bg 222-9698 20190509
{
   #TRANS 1930 {} 981.50
   #TRANS 1910 {} -981.50
}
#VER A 1406 20220319 46708392838 20190509
{
   #TRANS 1930 {} 10000.00
   #TRANS 1910 {} -10000.00
}
#VER A 1407 20220319 Kontorsgigan/19-05-08 20190509
{
   #TRANS 1930 {} -830.00
   #TRANS 1799 {} 830.00
}
#VER A 1408 20220319 46760278737 20190510
{
   #TRANS 1930 {} 1000.00
   #TRANS 1910 {} -1000.00
}
#VER A 1409 20220319 Bg 222-9698 20190510
{
   #TRANS 1930 {} 102876.00
   #TRANS 1910 {} -102876.00
}
#VER A 1410 20220319 46735668831 20190510
{
   #TRANS 1930 {} 60000.00
   #TRANS 1910 {} -60000.00
}
#VER A 1411 20220319 46707520591 20190510
{
   #TRANS 1930 {} 5000.00
   #TRANS 1910 {} -5000.00
}
#VER A 1412 20220319 46707520591 20190510
{
   #TRANS 1930 {} 5000.00
   #TRANS 1910 {} -5000.00
}
#VER A 1413 20220319 46769411866 20190510
{
   #TRANS 1930 {} 5000.00
   #TRANS 1910 {} -5000.00
}
#VER A 1414 20220319 46769411866 20190510
{
   #TRANS 1930 {} 2300.00
   #TRANS 1910 {} -2300.00
}
#VER A 1415 20220319 53643316712 20190510
{
   #TRANS 1930 {} -100000.00
   #TRANS 1799 {} 100000.00
}
#VER A 1416 20220319 Bestsecret c/19-05-09 20190510
{
   #TRANS 1930 {} -382.00
   #TRANS 1799 {} 382.00
}
#VER A 1417 20220319 Veho bil sve/19-05-10 20190513
{
   #TRANS 1930 {} -1494.00
   #TRANS 1799 {} 1494.00
}
#VER A 1418 20220319 St1 alby    /19-05-10 20190513
{
   #TRANS 1930 {} -201.08
   #TRANS 1799 {} 201.08
}
#VER A 1419 20220319 46730931344 20190513
{
   #TRANS 1930 {} 128000.00
   #TRANS 1910 {} -128000.00
}
#VER A 1420 20220319 Svea ekonomi AB 20190513
{
   #TRANS 1930 {} -2000.00
   #TRANS 1799 {} 2000.00
}
#VER A 1421 20220319 Svea ekonomi AB 20190513
{
   #TRANS 1930 {} -2060.00
   #TRANS 1799 {} 2060.00
}
#VER A 1422 20220319 Euro parking collection 20190513
{
   #TRANS 1930 {} -528.00
   #TRANS 1799 {} 528.00
}
#VER A 1423 20220319 46735668831 20190513
{
   #TRANS 1930 {} 54000.00
   #TRANS 1910 {} -54000.00
}
#VER A 1424 20220319 46706833026 20190513
{
   #TRANS 1930 {} 129900.00
   #TRANS 1910 {} -129900.00
}
#VER A 1425 20220319 Fornebu     /19-05-11 20190513
{
   #TRANS 1930 {} -1803.03
   #TRANS 1799 {} 1803.03
}
#VER A 1426 20220319 Santander consumer bank 20190514
{
   #TRANS 1930 {} -152655.00
   #TRANS 1799 {} 152655.00
}
#VER A 1427 20220319 6309033105 20190514
{
   #TRANS 1930 {} -110000.00
   #TRANS 1799 {} 110000.00
}
#VER A 1428 20220319 Edj198 20190514
{
   #TRANS 1930 {} -96172.00
   #TRANS 1799 {} 96172.00
}
#VER A 1429 20220319 291340641308 20190514
{
   #TRANS 1930 {} -4879.17
   #TRANS 1799 {} 4879.17
}
#VER A 1430 20220319 Kostnad 20190514
{
   #TRANS 1930 {} -35.00
   #TRANS 1799 {} 35.00
}
#VER A 1431 20220319 55011137465 20190514
{
   #TRANS 1930 {} -2755.00
   #TRANS 1799 {} 2755.00
}
#VER A 1432 20220319 D ckverkstad/19-05-13 20190514
{
   #TRANS 1930 {} -1219.00
   #TRANS 1799 {} 1219.00
}
#VER A 1433 20220319 St1 alby    /19-05-13 20190514
{
   #TRANS 1930 {} -500.27
   #TRANS 1799 {} 500.27
}
#VER A 1434 20220319 Yokab AB 20190515
{
   #TRANS 1930 {} -9500.00
   #TRANS 1799 {} 9500.00
}
#VER A 1435 20220319 90232899845 20190515
{
   #TRANS 1930 {} -7345.00
   #TRANS 1799 {} 7345.00
}
#VER A 1436 20220319 46768485737 20190515
{
   #TRANS 1930 {} 61960.00
   #TRANS 1910 {} -61960.00
}
#VER A 1437 20220319 46766506682 20190515
{
   #TRANS 1930 {} 1000.00
   #TRANS 1910 {} -1000.00
}
#VER A 1438 20220319 Shell norsbo/19-05-14 20190515
{
   #TRANS 1930 {} -101.51
   #TRANS 1799 {} 101.51
}
#VER A 1439 20220319 Elgiganten s/19-05-14 20190515
{
   #TRANS 1930 {} -497.00
   #TRANS 1799 {} 497.00
}
#VER A 1440 20220319 Autoconcept insurance AB 20190516
{
   #TRANS 1930 {} -7690.00
   #TRANS 2893 {} 7690.00
}
#VER A 1441 20220319 46709322208 20190516
{
   #TRANS 1930 {} 5000.00
   #TRANS 1910 {} -5000.00
}
#VER A 1442 20220319 Bg 222-9698 20190516
{
   #TRANS 1930 {} 200000.00
   #TRANS 1910 {} -200000.00
}
#VER A 1443 20220319 Nordea finans sverige AB 20190517
{
   #TRANS 1930 {} -36625.00
   #TRANS 1799 {} 36625.00
}
#VER A 1444 20220319 Volkswagen finans sverig 20190517
{
   #TRANS 1930 {} -107935.00
   #TRANS 1799 {} 107935.00
}
#VER A 1445 20220319 46702364305 20190517
{
   #TRANS 1930 {} 150000.00
   #TRANS 1910 {} -150000.00
}
#VER A 1446 20220319 46735652524 20190517
{
   #TRANS 1930 {} 34500.00
   #TRANS 1910 {} -34500.00
}
#VER A 1447 20220319 Circle k kun/19-05-17 20190520
{
   #TRANS 1930 {} -44.00
   #TRANS 1799 {} 44.00
}
#VER A 1448 20220319 Circle k kun/19-05-17 20190520
{
   #TRANS 1930 {} -500.32
   #TRANS 1799 {} 500.32
}
#VER A 1449 20220319 Fordonsskatt transportst 20190520
{
   #TRANS 1930 {} -65.00
   #TRANS 1630 {} 65.00
}
#VER A 1450 20220319 Parkman i sverige AB 20190520
{
   #TRANS 1930 {} -50.00
   #TRANS 1799 {} 50.00
}
#VER A 1451 20220319 Tele2 sverige AB 20190520
{
   #TRANS 1930 {} -702.00
   #TRANS 1799 {} 702.00
}
#VER A 1452 20220319 Bg 222-9698 20190520
{
   #TRANS 1930 {} 282695.00
   #TRANS 1910 {} -282695.00
}
#VER A 1453 20220319 Rsl386 20190520
{
   #TRANS 1930 {} -235000.00
   #TRANS 1799 {} 235000.00
}
#VER A 1454 20220319 Biltema swed/19-05-18 20190520
{
   #TRANS 1930 {} -64.80
   #TRANS 1799 {} 64.80
}
#VER A 1455 20220319 Maxi ica sto/19-05-18 20190520
{
   #TRANS 1930 {} -59.90
   #TRANS 1799 {} 59.90
}
#VER A 1456 20220319 Bilia personbilar AB 20190521
{
   #TRANS 1930 {} -4325.00
   #TRANS 1799 {} 4325.00
}
#VER A 1457 20220319 Trängselskatt transports 20190521
{
   #TRANS 1930 {} -22.00
   #TRANS 1630 {} 22.00
}
#VER A 1458 20220319 Trängselskatt transports 20190521
{
   #TRANS 1930 {} -89.00
   #TRANS 1630 {} 89.00
}
#VER A 1459 20220319 Trängselskatt transports 20190521
{
   #TRANS 1930 {} -140.00
   #TRANS 1630 {} 140.00
}
#VER A 1460 20220319 Trängselskatt transports 20190521
{
   #TRANS 1930 {} -428.00
   #TRANS 1630 {} 428.00
}
#VER A 1461 20220319 Trängselskatt transports 20190521
{
   #TRANS 1930 {} -530.00
   #TRANS 1630 {} 530.00
}
#VER A 1462 20220319 Trängselskatt transports 20190521
{
   #TRANS 1930 {} -530.00
   #TRANS 1630 {} 530.00
}
#VER A 1463 20220319 Trängselskatt transports 20190521
{
   #TRANS 1930 {} -536.00
   #TRANS 1630 {} 536.00
}
#VER A 1464 20220319 Trängselskatt transports 20190521
{
   #TRANS 1930 {} -692.00
   #TRANS 1630 {} 692.00
}
#VER A 1465 20220319 Trängselskatt transports 20190521
{
   #TRANS 1930 {} -1002.00
   #TRANS 1630 {} 1002.00
}
#VER A 1466 20220319 Jönköpings bildemonterin 20190521
{
   #TRANS 1930 {} -17075.00
   #TRANS 1799 {} 17075.00
}
#VER A 1467 20220319 Intrum sverige AB 20190521
{
   #TRANS 1930 {} -781.97
   #TRANS 1799 {} 781.97
}
#VER A 1468 20220319 Carcenter group i stockh 20190521
{
   #TRANS 1930 {} -2080.00
   #TRANS 1799 {} 2080.00
}
#VER A 1469 20220319 Carcenter group i stockh 20190521
{
   #TRANS 1930 {} -3150.00
   #TRANS 1799 {} 3150.00
}
#VER A 1470 20220319 Fordonsskatt transportst 20190521
{
   #TRANS 1930 {} -65.00
   #TRANS 1630 {} 65.00
}
#VER A 1471 20220319 Fordonsskatt transportst 20190521
{
   #TRANS 1930 {} -65.00
   #TRANS 1630 {} 65.00
}
#VER A 1472 20220319 Parkman i sverige AB 20190521
{
   #TRANS 1930 {} -110.00
   #TRANS 1799 {} 110.00
}
#VER A 1473 20220319 Energikundservice sverig 20190521
{
   #TRANS 1930 {} -304.00
   #TRANS 1799 {} 304.00
}
#VER A 1474 20220319 Göteborg energi din el a 20190521
{
   #TRANS 1930 {} -151.00
   #TRANS 1799 {} 151.00
}
#VER A 1475 20220319 Autoconcept insurance AB 20190521
{
   #TRANS 1930 {} -7105.00
   #TRANS 2893 {} 7105.00
}
#VER A 1476 20220319 Visma collectors AB 20190521
{
   #TRANS 1930 {} -2654.00
   #TRANS 1799 {} 2654.00
}
#VER A 1477 20220319 Stockholms spol & sug AB 20190521
{
   #TRANS 1930 {} -3750.00
   #TRANS 1799 {} 3750.00
}
#VER A 1478 20220319 Tele2 sverige AB 20190521
{
   #TRANS 1930 {} -387.00
   #TRANS 1799 {} 387.00
}
#VER A 1479 20220319 Bisnode sverige AB 20190521
{
   #TRANS 1930 {} -307.00
   #TRANS 1799 {} 307.00
}
#VER A 1480 20220319 If skadeförsäkring AB (p 20190521
{
   #TRANS 1930 {} -5339.00
   #TRANS 1799 {} 5339.00
}
#VER A 1481 20220319 611684573316 20190521
{
   #TRANS 1930 {} -105000.00
   #TRANS 1799 {} 105000.00
}
#VER A 1482 20220319 Ohn419 20190521
{
   #TRANS 1930 {} -52065.00
   #TRANS 1799 {} 52065.00
}
#VER A 1483 20220319 Biltema swed/19-05-20 20190521
{
   #TRANS 1930 {} -241.80
   #TRANS 1799 {} 241.80
}
#VER A 1484 20220319 Ingo soderte/19-05-20 20190521
{
   #TRANS 1930 {} -500.02
   #TRANS 1799 {} 500.02
}
#VER A 1485 20220319 Ryanair00000/19-05-19 20190521
{
   #TRANS 1930 {} -734.51
   #TRANS 1799 {} 734.51
}
#VER A 1486 20220319 Santander consumer bank 20190522
{
   #TRANS 1930 {} -124989.00
   #TRANS 1799 {} 124989.00
}
#VER A 1487 20220319 M. lingard f 20190522
{
   #TRANS 1930 {} 202374.40
   #TRANS 1910 {} -202374.40
}
#VER A 1488 20220319 AB storstock/19-05-21 20190522
{
   #TRANS 1930 {} -45.00
   #TRANS 1799 {} 45.00
}
#VER A 1489 20220319 St1 botkyrka/19-05-21 20190522
{
   #TRANS 1930 {} -250.14
   #TRANS 1799 {} 250.14
}
#VER A 1490 20220319 Lbw931 20190523
{
   #TRANS 1930 {} -160500.00
   #TRANS 1799 {} 160500.00
}
#VER A 1491 20220319 46767859067 20190523
{
   #TRANS 1930 {} 4396.00
   #TRANS 1910 {} -4396.00
}
#VER A 1492 20220319 Bg 222-9698 20190523
{
   #TRANS 1930 {} 247840.00
   #TRANS 1910 {} -247840.00
}
#VER A 1493 20220319 Rlc388 20190523
{
   #TRANS 1930 {} -272790.00
   #TRANS 1799 {} 272790.00
}
#VER A 1494 20220319 Lösen finans 20190523
{
   #TRANS 1930 {} 36625.00
   #TRANS 1910 {} -36625.00
}
#VER A 1495 20220319 46723000052 20190523
{
   #TRANS 1930 {} 4000.00
   #TRANS 1910 {} -4000.00
}
#VER A 1496 20220319 53543382608 20190523
{
   #TRANS 1930 {} -202374.00
   #TRANS 1799 {} 202374.00
}
#VER A 1497 20220319 Owe565 20190524
{
   #TRANS 1930 {} 127395.00
   #TRANS 1910 {} -127395.00
}
#VER A 1498 20220319 Biltema swed/19-05-23 20190524
{
   #TRANS 1930 {} -22.90
   #TRANS 1799 {} 22.90
}
#VER A 1499 20220319 Carspect vår/19-05-23 20190524
{
   #TRANS 1930 {} -575.00
   #TRANS 1799 {} 575.00
}
#VER A 1500 20220319 Stjarnans bi/19-05-23 20190524
{
   #TRANS 1930 {} -500.00
   #TRANS 1799 {} 500.00
}
#VER A 1501 20220319 Stjarnans bi/19-05-23 20190524
{
   #TRANS 1930 {} -500.00
   #TRANS 1799 {} 500.00
}
#VER A 1502 20220319 Stjarnans bi/19-05-23 20190524
{
   #TRANS 1930 {} -5716.00
   #TRANS 1799 {} 5716.00
}
#VER A 1503 20220319 Stjarnans bi/19-05-23 20190524
{
   #TRANS 1930 {} -3828.00
   #TRANS 1799 {} 3828.00
}
#VER A 1504 20220319 Stjarnans bi/19-05-23 20190524
{
   #TRANS 1930 {} -2400.00
   #TRANS 1799 {} 2400.00
}
#VER A 1505 20220319 St1 gustavsb/19-05-23 20190524
{
   #TRANS 1930 {} -300.98
   #TRANS 1799 {} 300.98
}
#VER A 1506 20220319 St1 alby    /19-05-24 20190527
{
   #TRANS 1930 {} -200.08
   #TRANS 1799 {} 200.08
}
#VER A 1507 20220319 Biltema swed/19-05-24 20190527
{
   #TRANS 1930 {} -12.90
   #TRANS 1799 {} 12.90
}
#VER A 1508 20220319 H27398952186 20190527
{
   #TRANS 1930 {} 134800.00
   #TRANS 1910 {} -134800.00
}
#VER A 1509 20220319 Kostnad 20190527
{
   #TRANS 1930 {} -22.00
   #TRANS 1799 {} 22.00
}
#VER A 1510 20220319 Bg 222-9698 20190527
{
   #TRANS 1930 {} 147200.00
   #TRANS 1910 {} -147200.00
}
#VER A 1511 20220319 46720441312 20190527
{
   #TRANS 1930 {} 1490.00
   #TRANS 1910 {} -1490.00
}
#VER A 1512 20220319 Le bistro   /19-05-24 20190527
{
   #TRANS 1930 {} -300.00
   #TRANS 1799 {} 300.00
}
#VER A 1513 20220319 Plantagen so/19-05-26 20190527
{
   #TRANS 1930 {} -626.80
   #TRANS 1799 {} 626.80
}
#VER A 1514 20220319 Plantagen so/19-05-26 20190527
{
   #TRANS 1930 {} -4.00
   #TRANS 1799 {} 4.00
}
#VER A 1515 20220319 Bauhaus sick/19-05-26 20190527
{
   #TRANS 1930 {} -1894.00
   #TRANS 1799 {} 1894.00
}
#VER A 1516 20220319 Rusta sodert/19-05-26 20190527
{
   #TRANS 1930 {} -492.10
   #TRANS 1799 {} 492.10
}
#VER A 1517 20220319 St1 alby    /19-05-25 20190527
{
   #TRANS 1930 {} -500.19
   #TRANS 1799 {} 500.19
}
#VER A 1518 20220319 Bauhaus botk/19-05-27 20190528
{
   #TRANS 1930 {} -758.00
   #TRANS 1799 {} 758.00
}
#VER A 1519 20220319 Bg 222-9698 20190529
{
   #TRANS 1930 {} 6870.50
   #TRANS 1910 {} -6870.50
}
#VER A 1520 20220319 50010446540 20190529
{
   #TRANS 1930 {} -10000.00
   #TRANS 1799 {} 10000.00
}
#VER A 1521 20220319 Opus bilprov/19-05-28 20190529
{
   #TRANS 1930 {} -525.00
   #TRANS 1799 {} 525.00
}
#VER A 1522 20220319 Filmstaden a/19-05-28 20190529
{
   #TRANS 1930 {} -270.00
   #TRANS 1799 {} 270.00
}
#VER A 1523 20220319 46760166660 20190531
{
   #TRANS 1930 {} 1490.00
   #TRANS 1910 {} -1490.00
}
#VER A 1524 20220319 46700408888 20190531
{
   #TRANS 1930 {} 1000.00
   #TRANS 1910 {} -1000.00
}
#VER A 1525 20220319 Mmsports AB /19-05-29 20190531
{
   #TRANS 1930 {} -589.00
   #TRANS 1799 {} 589.00
}
#VER A 1526 20220319 Stockholm sk/19-05-29 20190531
{
   #TRANS 1930 {} -99.00
   #TRANS 1799 {} 99.00
}
#VER A 1527 20220319 Trängselskatt transports 20190531
{
   #TRANS 1930 {} -11.00
   #TRANS 1630 {} 11.00
}
#VER A 1528 20220319 Trängselskatt transports 20190531
{
   #TRANS 1930 {} -11.00
   #TRANS 1630 {} 11.00
}
#VER A 1529 20220319 Trängselskatt transports 20190531
{
   #TRANS 1930 {} -30.00
   #TRANS 1630 {} 30.00
}
#VER A 1530 20220319 Trängselskatt transports 20190531
{
   #TRANS 1930 {} -30.00
   #TRANS 1630 {} 30.00
}
#VER A 1531 20220319 Trängselskatt transports 20190531
{
   #TRANS 1930 {} -36.00
   #TRANS 1630 {} 36.00
}
#VER A 1532 20220319 Trängselskatt transports 20190531
{
   #TRANS 1930 {} -100.00
   #TRANS 1630 {} 100.00
}
#VER A 1533 20220319 Trängselskatt transports 20190531
{
   #TRANS 1930 {} -192.00
   #TRANS 1630 {} 192.00
}
#VER A 1534 20220319 Trängselskatt transports 20190531
{
   #TRANS 1930 {} -302.00
   #TRANS 1630 {} 302.00
}
#VER A 1535 20220319 Trängselskatt transports 20190531
{
   #TRANS 1930 {} -502.00
   #TRANS 1630 {} 502.00
}
#VER A 1536 20220319 Svea ekonomi AB 20190531
{
   #TRANS 1930 {} -1175.00
   #TRANS 1799 {} 1175.00
}
#VER A 1537 20220319 Yokab AB 20190531
{
   #TRANS 1930 {} -9500.00
   #TRANS 1799 {} 9500.00
}
#VER A 1538 20220319 Intra materialhantering 20190531
{
   #TRANS 1930 {} -341.00
   #TRANS 1799 {} 341.00
}
#VER A 1539 20220319 Bisnode sverige AB 20190531
{
   #TRANS 1930 {} -349.00
   #TRANS 1799 {} 349.00
}
#VER A 1540 20220319 Banktjänster 20190531
{
   #TRANS 1930 {} -162.50
   #TRANS 6570 {} 162.50
}
#VER A 1541 20220319 Ingo soderte/19-05-30 20190531
{
   #TRANS 1930 {} -940.62
   #TRANS 1799 {} 940.62
}
#VER A 1542 20220319 Dukaten     /19-05-30 20190531
{
   #TRANS 1930 {} -14.00
   #TRANS 1799 {} 14.00
}
#VER A 1543 20220319 Rosendalsveg/19-05-29 20190531
{
   #TRANS 1930 {} -90.00
   #TRANS 1799 {} 90.00
}
#VER A 1544 20220319 Biltema swed/19-05-31 20190603
{
   #TRANS 1930 {} -183.90
   #TRANS 1799 {} 183.90
}
#VER A 1545 20220319 Www li me   /19-05-31 20190603
{
   #TRANS 1930 {} -70.00
   #TRANS 1799 {} 70.00
}
#VER A 1546 20220319 Tier se 5-10/19-05-31 20190603
{
   #TRANS 1930 {} -11.50
   #TRANS 1799 {} 11.50
}
#VER A 1547 20220319 Tier se 5-10/19-05-31 20190603
{
   #TRANS 1930 {} -11.50
   #TRANS 1799 {} 11.50
}
#VER A 1548 20220319 Tier se 5-10/19-05-31 20190603
{
   #TRANS 1930 {} -28.00
   #TRANS 1799 {} 28.00
}
#VER A 1549 20220319 If skadeförs 20190603
{
   #TRANS 1930 {} -1751.00
   #TRANS 1799 {} 1751.00
}
#VER A 1550 20220319 Ingo soderte/19-06-02 20190603
{
   #TRANS 1930 {} -500.17
   #TRANS 1799 {} 500.17
}
#VER A 1551 20220319 Lime        /19-06-02 20190603
{
   #TRANS 1930 {} -31.00
   #TRANS 1799 {} 31.00
}
#VER A 1552 20220319 Www li me   /19-06-02 20190603
{
   #TRANS 1930 {} -46.00
   #TRANS 1799 {} 46.00
}
#VER A 1553 20220319 Tier se 6-16/19-06-02 20190603
{
   #TRANS 1930 {} -17.50
   #TRANS 1799 {} 17.50
}
#VER A 1554 20220319 Tier se 6-16/19-06-02 20190603
{
   #TRANS 1930 {} -13.00
   #TRANS 1799 {} 13.00
}
#VER A 1555 20220319 Tier se 6-16/19-06-02 20190603
{
   #TRANS 1930 {} -17.50
   #TRANS 1799 {} 17.50
}
#VER A 1556 20220319 Scandic hote/19-05-31 20190603
{
   #TRANS 1930 {} -1750.00
   #TRANS 1799 {} 1750.00
}
#VER A 1557 20220319 Taxi stockho/19-05-31 20190603
{
   #TRANS 1930 {} -225.00
   #TRANS 1799 {} 225.00
}
#VER A 1558 20220319 13270100248 20190604
{
   #TRANS 1930 {} -32800.00
   #TRANS 1799 {} 32800.00
}
#VER A 1559 20220319 53640166280 20190604
{
   #TRANS 1930 {} -20000.00
   #TRANS 1799 {} 20000.00
}
#VER A 1560 20220319 46733749154 20190605
{
   #TRANS 1930 {} 25000.00
   #TRANS 1910 {} -25000.00
}
#VER A 1561 20220319 Bestsecret c/19-06-04 20190605
{
   #TRANS 1930 {} -1039.00
   #TRANS 1799 {} 1039.00
}
#VER A 1562 20220319 Maxi ica sto/19-06-05 20190607
{
   #TRANS 1930 {} -1107.50
   #TRANS 1799 {} 1107.50
}
#VER A 1563 20220319 Jean-luc d a 20190607
{
   #TRANS 1930 {} 162970.72
   #TRANS 1910 {} -162970.72
}
#VER A 1564 20220319 55011137465 20190607
{
   #TRANS 1930 {} -46183.00
   #TRANS 1799 {} 46183.00
}
#VER A 1565 20220319 Tier se 6-57/19-06-06 20190607
{
   #TRANS 1930 {} -13.00
   #TRANS 1799 {} 13.00
}
#VER A 1566 20220319 Tier se 6-58/19-06-06 20190607
{
   #TRANS 1930 {} -35.50
   #TRANS 1799 {} 35.50
}
#VER A 1567 20220319 52500082725 20190610
{
   #TRANS 1930 {} -40725.00
   #TRANS 1799 {} 40725.00
}
#VER A 1568 20220319 46706962960 20190610
{
   #TRANS 1930 {} 490.00
   #TRANS 1910 {} -490.00
}
#VER A 1569 20220319 Okq8        /19-06-06 20190610
{
   #TRANS 1930 {} -500.77
   #TRANS 1799 {} 500.77
}
#VER A 1570 20220319 Electronic-s/19-06-07 20190610
{
   #TRANS 1930 {} -1117.98
   #TRANS 1799 {} 1117.98
}
#VER A 1571 20220319 Dnb bank ASA filial sver 20190610
{
   #TRANS 1930 {} -185250.00
   #TRANS 1799 {} 185250.00
}
#VER A 1572 20220319 Bg 222-9698 20190610
{
   #TRANS 1930 {} 228195.00
   #TRANS 1910 {} -228195.00
}
#VER A 1573 20220319 Biltema swed/19-06-08 20190610
{
   #TRANS 1930 {} -72.80
   #TRANS 1799 {} 72.80
}
#VER A 1574 20220319 Bg 222-9698 20190611
{
   #TRANS 1930 {} 1462.43
   #TRANS 1910 {} -1462.43
}
#VER A 1575 20220319 Bilprovninge/19-06-10 20190611
{
   #TRANS 1930 {} -499.00
   #TRANS 1799 {} 499.00
}
#VER A 1576 20220319 St1 alby    /19-06-10 20190611
{
   #TRANS 1930 {} -500.23
   #TRANS 1799 {} 500.23
}
#VER A 1577 20220319 Felparkeringsavgift tran 20190612
{
   #TRANS 1930 {} -700.00
   #TRANS 1799 {} 700.00
}
#VER A 1578 20220319 Bilprovninge/19-06-11 20190612
{
   #TRANS 1930 {} -289.00
   #TRANS 1799 {} 289.00
}
#VER A 1579 20220319 Bg 222-9698 20190613
{
   #TRANS 1930 {} 14800.00
   #TRANS 1910 {} -14800.00
}
#VER A 1580 20220319 291640845754 20190613
{
   #TRANS 1930 {} -4130.72
   #TRANS 1799 {} 4130.72
}
#VER A 1581 20220319 Kostnad 20190613
{
   #TRANS 1930 {} -35.00
   #TRANS 1799 {} 35.00
}
#VER A 1582 20220319 291640845757 20190613
{
   #TRANS 1930 {} -4090.14
   #TRANS 1799 {} 4090.14
}
#VER A 1583 20220319 Kostnad 20190613
{
   #TRANS 1930 {} -35.00
   #TRANS 1799 {} 35.00
}
#VER A 1584 20220319 46720536997 20190614
{
   #TRANS 1930 {} 1490.00
   #TRANS 1910 {} -1490.00
}
#VER A 1585 20220319 54020018871 20190614
{
   #TRANS 1930 {} -20000.00
   #TRANS 1799 {} 20000.00
}
#VER A 1586 20220319 Comviq se to/19-06-13 20190614
{
   #TRANS 1930 {} -145.00
   #TRANS 1799 {} 145.00
}
#VER A 1587 20220319 46708325886 20190617
{
   #TRANS 1930 {} 1490.00
   #TRANS 1910 {} -1490.00
}
#VER A 1588 20220319 46765625447 20190617
{
   #TRANS 1930 {} 1255.00
   #TRANS 1910 {} -1255.00
}
#VER A 1589 20220319 53923323026 20190617
{
   #TRANS 1930 {} -130000.00
   #TRANS 1799 {} 130000.00
}
#VER A 1590 20220319 Bilprovninge/19-06-14 20190617
{
   #TRANS 1930 {} -499.00
   #TRANS 1799 {} 499.00
}
#VER A 1591 20220319 46739384773 20190617
{
   #TRANS 1930 {} 1490.00
   #TRANS 1910 {} -1490.00
}
#VER A 1592 20220319 55011137465 20190617
{
   #TRANS 1930 {} -7488.00
   #TRANS 1799 {} 7488.00
}
#VER A 1593 20220319 46727083946 20190617
{
   #TRANS 1930 {} 1490.00
   #TRANS 1910 {} -1490.00
}
#VER A 1594 20220319 Ingo soderte/19-06-15 20190617
{
   #TRANS 1930 {} -100.07
   #TRANS 1799 {} 100.07
}
#VER A 1595 20220319 Preem       /19-06-15 20190617
{
   #TRANS 1930 {} -300.13
   #TRANS 1799 {} 300.13
}
#VER A 1596 20220319 Bg 222-9698 20190618
{
   #TRANS 1930 {} 203595.00
   #TRANS 1910 {} -203595.00
}
#VER A 1597 20220319 46707896475 20190618
{
   #TRANS 1930 {} 10000.00
   #TRANS 1910 {} -10000.00
}
#VER A 1598 20220319 46707897464 20190618
{
   #TRANS 1930 {} 30000.00
   #TRANS 1910 {} -30000.00
}
#VER A 1599 20220319 Lxs430 20190618
{
   #TRANS 1930 {} 150000.00
   #TRANS 1910 {} -150000.00
}
#VER A 1600 20220319 50010446540 20190618
{
   #TRANS 1930 {} -20000.00
   #TRANS 1799 {} 20000.00
}
#VER A 1601 20220319 Ingo soderte/19-06-17 20190618
{
   #TRANS 1930 {} -300.82
   #TRANS 1799 {} 300.82
}
#VER A 1602 20220319 Mekonomen de/19-06-17 20190618
{
   #TRANS 1930 {} -1001.71
   #TRANS 1799 {} 1001.71
}
#VER A 1603 20220319 Mekonomen de/19-06-17 20190618
{
   #TRANS 1930 {} 66.51
   #TRANS 1910 {} -66.51
}
#VER A 1604 20220319 Santander consumer bank 20190619
{
   #TRANS 1930 {} -126810.00
   #TRANS 1799 {} 126810.00
}
#VER A 1605 20220319 46739853031 20190619
{
   #TRANS 1930 {} 55795.00
   #TRANS 1910 {} -55795.00
}
#VER A 1606 20220319 St1 alby    /19-06-18 20190619
{
   #TRANS 1930 {} -400.42
   #TRANS 1799 {} 400.42
}
#VER A 1607 20220319 Dnb bank ASA filial sver 20190620
{
   #TRANS 1930 {} -211943.00
   #TRANS 1799 {} 211943.00
}
#VER A 1608 20220319 827010048171 20190620
{
   #TRANS 1930 {} -52665.00
   #TRANS 1799 {} 52665.00
}
#VER A 1609 20220319 Fal959 20190620
{
   #TRANS 1930 {} -28057.00
   #TRANS 1799 {} 28057.00
}
#VER A 1610 20220319 53570177890 20190620
{
   #TRANS 1930 {} -3011.00
   #TRANS 1799 {} 3011.00
}
#VER A 1611 20220319 Circle k sol/19-06-20 20190624
{
   #TRANS 1930 {} -200.28
   #TRANS 1799 {} 200.28
}
#VER A 1612 20220319 Stjarnans bi/19-06-20 20190624
{
   #TRANS 1930 {} -7627.00
   #TRANS 1799 {} 7627.00
}
#VER A 1613 20220319 Stjarnans bi/19-06-20 20190624
{
   #TRANS 1930 {} -800.00
   #TRANS 1799 {} 800.00
}
#VER A 1614 20220319 Santander consumer bank 20190624
{
   #TRANS 1930 {} -80668.00
   #TRANS 1799 {} 80668.00
}
#VER A 1615 20220319 Bg 222-9698 20190624
{
   #TRANS 1930 {} 75000.00
   #TRANS 1910 {} -75000.00
}
#VER A 1616 20220319 Paypal  stra/19-06-22 20190624
{
   #TRANS 1930 {} -411.93
   #TRANS 1799 {} 411.93
}
#VER A 1617 20220319 Biltema swed/19-06-22 20190624
{
   #TRANS 1930 {} -207.90
   #TRANS 1799 {} 207.90
}
#VER A 1618 20220319 Svea inkasso AB 20190625
{
   #TRANS 1930 {} -1422.00
   #TRANS 1799 {} 1422.00
}
#VER A 1619 20220319 Oux963 20190625
{
   #TRANS 1930 {} -210000.00
   #TRANS 1799 {} 210000.00
}
#VER A 1620 20220319 300 auto AB 20190625
{
   #TRANS 1930 {} 100000.00
   #TRANS 1910 {} -100000.00
}
#VER A 1621 20220319 Bg 222-9698 20190625
{
   #TRANS 1930 {} 115840.00
   #TRANS 1910 {} -115840.00
}
#VER A 1622 20220319 Biltema swed/19-06-24 20190625
{
   #TRANS 1930 {} -54.90
   #TRANS 1799 {} 54.90
}
#VER A 1623 20220319 Maxi ica sto/19-06-24 20190625
{
   #TRANS 1930 {} -90.00
   #TRANS 1799 {} 90.00
}
#VER A 1624 20220319 Bilia segelt/19-06-20 20190625
{
   #TRANS 1930 {} -1540.00
   #TRANS 1799 {} 1540.00
}
#VER A 1625 20220319 Okq8        /19-06-21 20190625
{
   #TRANS 1930 {} -500.07
   #TRANS 1799 {} 500.07
}
#VER A 1626 20220319 St1 botkyrka/19-06-24 20190625
{
   #TRANS 1930 {} -500.53
   #TRANS 1799 {} 500.53
}
#VER A 1627 20220319 Bmw financial services s 20190626
{
   #TRANS 1930 {} -186166.00
   #TRANS 1799 {} 186166.00
}
#VER A 1628 20220319 Ruc961 utbet 20190626
{
   #TRANS 1930 {} -120000.00
   #TRANS 1799 {} 120000.00
}
#VER A 1629 20220319 Uppläggn.avg 20190626
{
   #TRANS 1930 {} -800.00
   #TRANS 1799 {} 800.00
}
#VER A 1630 20220319 Kreditavgift 20190626
{
   #TRANS 1930 {} -5178.00
   #TRANS 1799 {} 5178.00
}
#VER A 1631 20220319 Avg ftgint 20190626
{
   #TRANS 1930 {} -5570.00
   #TRANS 1799 {} 5570.00
}
#VER A 1632 20220319 Arvode 20190626
{
   #TRANS 1930 {} -900.00
   #TRANS 1799 {} 900.00
}
#VER A 1633 20220319 Yokab AB 20190627
{
   #TRANS 1930 {} -9500.00
   #TRANS 1799 {} 9500.00
}
#VER A 1634 20220319 Fordonsskatt transportst 20190627
{
   #TRANS 1930 {} -425.00
   #TRANS 1630 {} 425.00
}
#VER A 1635 20220319 Göteborg energi din el a 20190627
{
   #TRANS 1930 {} -169.00
   #TRANS 1799 {} 169.00
}
#VER A 1636 20220319 Telenor sverige AB 20190627
{
   #TRANS 1930 {} -73.00
   #TRANS 1799 {} 73.00
}
#VER A 1637 20220319 Telenor sverige AB 20190627
{
   #TRANS 1930 {} -234.00
   #TRANS 1799 {} 234.00
}
#VER A 1638 20220319 Tele2 sverige AB 20190627
{
   #TRANS 1930 {} -541.00
   #TRANS 1799 {} 541.00
}
#VER A 1639 20220319 Tele2 sverige AB 20190627
{
   #TRANS 1930 {} -646.00
   #TRANS 1799 {} 646.00
}
#VER A 1640 20220319 Tele2 sverige AB 20190627
{
   #TRANS 1930 {} -887.00
   #TRANS 1799 {} 887.00
}
#VER A 1641 20220319 Tele2 sverige AB 20190627
{
   #TRANS 1930 {} -1024.00
   #TRANS 1799 {} 1024.00
}
#VER A 1642 20220319 Klarna bank AB 20190627
{
   #TRANS 1930 {} -454.03
   #TRANS 1799 {} 454.03
}
#VER A 1643 20220319 Bg 222-9698 20190627
{
   #TRANS 1930 {} 208000.00
   #TRANS 1910 {} -208000.00
}
#VER A 1644 20220319 Ubd259 20190627
{
   #TRANS 1930 {} 118000.00
   #TRANS 1910 {} -118000.00
}
#VER A 1645 20220319 Ubd259 20190627
{
   #TRANS 1930 {} 800.00
   #TRANS 1910 {} -800.00
}
#VER A 1646 20220319 53543382608 20190627
{
   #TRANS 1930 {} -100000.00
   #TRANS 1799 {} 100000.00
}
#VER A 1647 20220319 46739042745 20190627
{
   #TRANS 1930 {} 500.00
   #TRANS 1910 {} -500.00
}
#VER A 1648 20220319 810349748763 20190628
{
   #TRANS 1930 {} -145000.00
   #TRANS 1799 {} 145000.00
}
#VER A 1649 20220319 Bg 222-9698 20190628
{
   #TRANS 1930 {} 140000.00
   #TRANS 1910 {} -140000.00
}
#VER A 1650 20220319 46707403428 20190628
{
   #TRANS 1930 {} 1490.00
   #TRANS 1910 {} -1490.00
}
#VER A 1651 20220319 Alby macken /19-06-27 20190628
{
   #TRANS 1930 {} -200.00
   #TRANS 1799 {} 200.00
}
#VER A 1652 20220319 46763066232 20190701
{
   #TRANS 1930 {} 24595.00
   #TRANS 1910 {} -24595.00
}
#VER A 1653 20220319 46739751116 20190701
{
   #TRANS 1930 {} 85000.00
   #TRANS 1910 {} -85000.00
}
#VER A 1654 20220319 Skatteverket 20190701
{
   #TRANS 1930 {} -30000.00
   #TRANS 1630 {} 30000.00
}
#VER A 1655 20220319 If skadeförs 20190701
{
   #TRANS 1930 {} -1751.00
   #TRANS 1799 {} 1751.00
}
#VER A 1656 20220319 Återlån 20190701
{
   #TRANS 1930 {} -100000.00
   #TRANS 1799 {} 100000.00
}
#VER A 1657 20220319 Bg 222-9698 20190701
{
   #TRANS 1930 {} 30044.00
   #TRANS 1910 {} -30044.00
}
#VER A 1658 20220319 46704285778 20190701
{
   #TRANS 1930 {} 26000.00
   #TRANS 1910 {} -26000.00
}
#VER A 1659 20220319 Awa076 20190701
{
   #TRANS 1930 {} -160000.00
   #TRANS 1799 {} 160000.00
}
#VER A 1660 20220319 Banktjänster 20190701
{
   #TRANS 1930 {} -200.00
   #TRANS 6570 {} 200.00
}
#VER A 1661 20220319 46736445102 20190701
{
   #TRANS 1930 {} 102500.00
   #TRANS 1910 {} -102500.00
}
#VER A 1662 20220319 Shell norsbo/19-06-30 20190701
{
   #TRANS 1930 {} -300.24
   #TRANS 1799 {} 300.24
}
#VER A 1663 20220319 Shell norsbo/19-06-29 20190701
{
   #TRANS 1930 {} -300.04
   #TRANS 1799 {} 300.04
}
#VER A 1664 20220319 Biltema swed/19-06-29 20190701
{
   #TRANS 1930 {} -412.30
   #TRANS 1799 {} 412.30
}
#VER A 1665 20220319 Dnb bank ASA filial sver 20190702
{
   #TRANS 1930 {} -105377.00
   #TRANS 1799 {} 105377.00
}
#VER A 1666 20220319 13270100248 20190702
{
   #TRANS 1930 {} -33200.00
   #TRANS 1799 {} 33200.00
}
#VER A 1667 20220319 Apf896 20190703
{
   #TRANS 1930 {} -80000.00
   #TRANS 1799 {} 80000.00
}
#VER A 1668 20220319 300 auto AB 20190703
{
   #TRANS 1930 {} 100000.00
   #TRANS 1910 {} -100000.00
}
#VER A 1669 20220319 Cdz991 20190703
{
   #TRANS 1930 {} -13623.00
   #TRANS 1799 {} 13623.00
}
#VER A 1670 20220319 46707506959 20190704
{
   #TRANS 1930 {} 1490.00
   #TRANS 1910 {} -1490.00
}
#VER A 1671 20220319 Bg 222-9698 20190704
{
   #TRANS 1930 {} 168000.00
   #TRANS 1910 {} -168000.00
}
#VER A 1672 20220319 St1 alby    /19-07-03 20190704
{
   #TRANS 1930 {} -300.54
   #TRANS 1799 {} 300.54
}
#VER A 1673 20220319 Bg 222-9698 20190705
{
   #TRANS 1930 {} 180000.00
   #TRANS 1910 {} -180000.00
}
#VER A 1674 20220319 46739715567 20190708
{
   #TRANS 1930 {} 1490.00
   #TRANS 1910 {} -1490.00
}
#VER A 1675 20220319 Maxi ica sto/19-07-05 20190708
{
   #TRANS 1930 {} -333.70
   #TRANS 1799 {} 333.70
}
#VER A 1676 20220319 Www taxijakt/19-07-05 20190708
{
   #TRANS 1930 {} -297.00
   #TRANS 1799 {} 297.00
}
#VER A 1677 20220319 Bg 222-9698 20190708
{
   #TRANS 1930 {} 29800.00
   #TRANS 1910 {} -29800.00
}
#VER A 1678 20220319 Bestsecret c/19-07-07 20190708
{
   #TRANS 1930 {} -2768.00
   #TRANS 1799 {} 2768.00
}
#VER A 1679 20220319 Shell norsbo/19-07-06 20190708
{
   #TRANS 1930 {} -101.31
   #TRANS 1799 {} 101.31
}
#VER A 1680 20220319 Shell norsbo/19-07-07 20190708
{
   #TRANS 1930 {} -584.60
   #TRANS 1799 {} 584.60
}
#VER A 1681 20220319 Liera consulting AB 20190709
{
   #TRANS 1930 {} -36750.00
   #TRANS 1799 {} 36750.00
}
#VER A 1682 20220319 Bxp381 20190709
{
   #TRANS 1930 {} -200000.00
   #TRANS 1799 {} 200000.00
}
#VER A 1683 20220319 46731482641 20190710
{
   #TRANS 1930 {} 1490.00
   #TRANS 1910 {} -1490.00
}
#VER A 1684 20220319 Bg 222-9698 20190710
{
   #TRANS 1930 {} 104000.00
   #TRANS 1910 {} -104000.00
}
#VER A 1685 20220319 Wjl693 20190710
{
   #TRANS 1930 {} -25868.00
   #TRANS 1799 {} 25868.00
}
#VER A 1686 20220319 Stjarnans bi/19-07-09 20190710
{
   #TRANS 1930 {} -6500.00
   #TRANS 1799 {} 6500.00
}
#VER A 1687 20220319 Santander consumer bank 20190711
{
   #TRANS 1930 {} -484132.00
   #TRANS 1799 {} 484132.00
}
#VER A 1688 20220319 Bg 222-9698 20190711
{
   #TRANS 1930 {} 101490.00
   #TRANS 1910 {} -101490.00
}
#VER A 1689 20220319 Fordonsskatt transportst 20190712
{
   #TRANS 1930 {} -345.00
   #TRANS 1630 {} 345.00
}
#VER A 1690 20220319 Nzh373 20190712
{
   #TRANS 1930 {} -73305.00
   #TRANS 1799 {} 73305.00
}
#VER A 1691 20220319 H10401669036 20190712
{
   #TRANS 1930 {} 545000.00
   #TRANS 1910 {} -545000.00
}
#VER A 1692 20220319 Kostnad 20190712
{
   #TRANS 1930 {} -22.00
   #TRANS 1799 {} 22.00
}
#VER A 1693 20220319 Bg 222-9698 20190712
{
   #TRANS 1930 {} 100000.00
   #TRANS 1910 {} -100000.00
}
#VER A 1694 20220319 Piren       /19-07-11 20190712
{
   #TRANS 1930 {} -700.00
   #TRANS 1799 {} 700.00
}
#VER A 1695 20220319 46702815575 20190715
{
   #TRANS 1930 {} 1495.00
   #TRANS 1910 {} -1495.00
}
#VER A 1696 20220319 Rusta borkyr/19-07-12 20190715
{
   #TRANS 1930 {} -633.00
   #TRANS 1799 {} 633.00
}
#VER A 1697 20220319 H15401875397 20190715
{
   #TRANS 1930 {} 260000.00
   #TRANS 1910 {} -260000.00
}
#VER A 1698 20220319 Kostnad 20190715
{
   #TRANS 1930 {} -22.00
   #TRANS 1799 {} 22.00
}
#VER A 1699 20220319 46707313870 20190715
{
   #TRANS 1930 {} 7480.00
   #TRANS 1910 {} -7480.00
}
#VER A 1700 20220319 46708607480 20190715
{
   #TRANS 1930 {} 1490.00
   #TRANS 1910 {} -1490.00
}
#VER A 1701 20220319 46739292144 20190715
{
   #TRANS 1930 {} 1500.00
   #TRANS 1910 {} -1500.00
}
#VER A 1702 20220319 Circle k sto/19-07-12 20190715
{
   #TRANS 1930 {} -190.00
   #TRANS 1799 {} 190.00
}
#VER A 1703 20220319 Circle k kun/19-07-14 20190715
{
   #TRANS 1930 {} -200.47
   #TRANS 1799 {} 200.47
}
#VER A 1704 20220319 Tier se 7-12/19-07-14 20190715
{
   #TRANS 1930 {} -28.00
   #TRANS 1799 {} 28.00
}
#VER A 1705 20220319 Trängselskatt transports 20190716
{
   #TRANS 1930 {} -11.00
   #TRANS 1630 {} 11.00
}
#VER A 1706 20220319 Trängselskatt transports 20190716
{
   #TRANS 1930 {} -58.00
   #TRANS 1630 {} 58.00
}
#VER A 1707 20220319 Trängselskatt transports 20190716
{
   #TRANS 1930 {} -76.00
   #TRANS 1630 {} 76.00
}
#VER A 1708 20220319 Trängselskatt transports 20190716
{
   #TRANS 1930 {} -91.00
   #TRANS 1630 {} 91.00
}
#VER A 1709 20220319 Trängselskatt transports 20190716
{
   #TRANS 1930 {} -100.00
   #TRANS 1630 {} 100.00
}
#VER A 1710 20220319 Energikundservice sverig 20190716
{
   #TRANS 1930 {} -186.00
   #TRANS 1799 {} 186.00
}
#VER A 1711 20220319 Göteborg energi din el a 20190716
{
   #TRANS 1930 {} -128.00
   #TRANS 1799 {} 128.00
}
#VER A 1712 20220319 Uc affärsfakta AB 20190716
{
   #TRANS 1930 {} -2119.00
   #TRANS 1799 {} 2119.00
}
#VER A 1713 20220319 Autoconcept insurance AB 20190716
{
   #TRANS 1930 {} -3245.00
   #TRANS 2893 {} 3245.00
}
#VER A 1714 20220319 Autoconcept insurance AB 20190716
{
   #TRANS 1930 {} -3555.00
   #TRANS 2893 {} 3555.00
}
#VER A 1715 20220319 Autoconcept insurance AB 20190716
{
   #TRANS 1930 {} -18610.00
   #TRANS 2893 {} 18610.00
}
#VER A 1716 20220319 Bisnode sverige AB 20190716
{
   #TRANS 1930 {} -325.00
   #TRANS 1799 {} 325.00
}
#VER A 1717 20220319 Skylt & dekorfabriken 20190716
{
   #TRANS 1930 {} -8195.00
   #TRANS 1799 {} 8195.00
}
#VER A 1718 20220319 8202021658 20190716
{
   #TRANS 1930 {} -76000.00
   #TRANS 1799 {} 76000.00
}
#VER A 1719 20220319 Ikea-kungens/19-07-15 20190716
{
   #TRANS 1930 {} -349.00
   #TRANS 1799 {} 349.00
}
#VER A 1720 20220319 Paypal  spom/19-07-14 20190716
{
   #TRANS 1930 {} -1413.80
   #TRANS 1799 {} 1413.80
}
#VER A 1721 20220319 Pea232 20190717
{
   #TRANS 1930 {} -256000.00
   #TRANS 1799 {} 256000.00
}
#VER A 1722 20220319 Bg 222-9698 20190717
{
   #TRANS 1930 {} 67320.00
   #TRANS 1910 {} -67320.00
}
#VER A 1723 20220319 Microsoft  o/19-07-16 20190717
{
   #TRANS 1930 {} -899.00
   #TRANS 1799 {} 899.00
}
#VER A 1724 20220319 Alby macken /19-07-17 20190718
{
   #TRANS 1930 {} -125.00
   #TRANS 1799 {} 125.00
}
#VER A 1725 20220319 Circle k kun/19-07-17 20190718
{
   #TRANS 1930 {} -500.30
   #TRANS 1799 {} 500.30
}
#VER A 1726 20220319 Paypal  brix/19-07-16 20190718
{
   #TRANS 1930 {} -894.70
   #TRANS 1799 {} 894.70
}
#VER A 1727 20220319 Felparkeringsavgift tran 20190719
{
   #TRANS 1930 {} -700.00
   #TRANS 1799 {} 700.00
}
#VER A 1728 20220319 H17402054808 20190719
{
   #TRANS 1930 {} 205000.00
   #TRANS 1910 {} -205000.00
}
#VER A 1729 20220319 Kostnad 20190719
{
   #TRANS 1930 {} -22.00
   #TRANS 1799 {} 22.00
}
#VER A 1730 20220319 Carfax      /19-07-18 20190719
{
   #TRANS 1930 {} -349.00
   #TRANS 1799 {} 349.00
}
#VER A 1731 20220319 Mercedes-benz finans sve 20190722
{
   #TRANS 1930 {} -89711.00
   #TRANS 1799 {} 89711.00
}
#VER A 1732 20220319 Trafikförsäkringsförenin 20190722
{
   #TRANS 1930 {} -1552.00
   #TRANS 1799 {} 1552.00
}
#VER A 1733 20220319 Xzh242 20190722
{
   #TRANS 1930 {} -77000.00
   #TRANS 1799 {} 77000.00
}
#VER A 1734 20220319 Cuy321 20190723
{
   #TRANS 1930 {} -102289.00
   #TRANS 1799 {} 102289.00
}
#VER A 1735 20220319 Alby macken /19-07-22 20190723
{
   #TRANS 1930 {} -125.00
   #TRANS 1799 {} 125.00
}
#VER A 1736 20220319 46730480279 20190724
{
   #TRANS 1930 {} 1490.00
   #TRANS 1910 {} -1490.00
}
#VER A 1737 20220319 46702234635 20190724
{
   #TRANS 1930 {} 1490.00
   #TRANS 1910 {} -1490.00
}
#VER A 1738 20220319 Ingo soderte/19-07-23 20190724
{
   #TRANS 1930 {} -200.20
   #TRANS 1799 {} 200.20
}
#VER A 1739 20220319 Bg 222-9698 20190725
{
   #TRANS 1930 {} 109840.00
   #TRANS 1910 {} -109840.00
}
#VER A 1740 20220319 Shell lindha/19-07-24 20190725
{
   #TRANS 1930 {} -400.64
   #TRANS 1799 {} 400.64
}
#VER A 1741 20220319 Shell norsbo/19-07-24 20190725
{
   #TRANS 1930 {} -100.20
   #TRANS 1799 {} 100.20
}
#VER A 1742 20220319 50201036029 20190725
{
   #TRANS 1930 {} -20000.00
   #TRANS 1799 {} 20000.00
}
#VER A 1743 20220319 Bg 222-9698 20190726
{
   #TRANS 1930 {} 177500.00
   #TRANS 1910 {} -177500.00
}
#VER A 1744 20220319 Wasa kredit AB 20190729
{
   #TRANS 1930 {} -147441.00
   #TRANS 1799 {} 147441.00
}
#VER A 1745 20220319 Shell norsbo/19-07-27 20190729
{
   #TRANS 1930 {} -200.56
   #TRANS 1799 {} 200.56
}
#VER A 1746 20220319 Shell norsbo/19-07-28 20190729
{
   #TRANS 1930 {} -100.04
   #TRANS 1799 {} 100.04
}
#VER A 1747 20220319 Shell norsbo/19-07-28 20190729
{
   #TRANS 1930 {} -300.12
   #TRANS 1799 {} 300.12
}
#VER A 1748 20220319 Taxi kurir i/19-07-27 20190729
{
   #TRANS 1930 {} -780.00
   #TRANS 1799 {} 780.00
}
#VER A 1749 20220319 Skatteverket 20190730
{
   #TRANS 1930 {} -20000.00
   #TRANS 1630 {} 20000.00
}
#VER A 1750 20220319 Jbf664 20190730
{
   #TRANS 1930 {} -14059.00
   #TRANS 1799 {} 14059.00
}
#VER A 1751 20220319 46720479948 20190730
{
   #TRANS 1930 {} 1490.00
   #TRANS 1910 {} -1490.00
}
#VER A 1752 20220319 46702510307 20190730
{
   #TRANS 1930 {} 83795.00
   #TRANS 1910 {} -83795.00
}
#VER A 1753 20220319 Tnp751 20190730
{
   #TRANS 1930 {} -80000.00
   #TRANS 1799 {} 80000.00
}
#VER A 1754 20220319 Inteleon AB 20190731
{
   #TRANS 1930 {} -86.00
   #TRANS 1799 {} 86.00
}
#VER A 1755 20220319 Sector alarm företag/pay 20190731
{
   #TRANS 1930 {} -2025.50
   #TRANS 1799 {} 2025.50
}
#VER A 1756 20220319 Yokab AB 20190731
{
   #TRANS 1930 {} -9500.00
   #TRANS 1799 {} 9500.00
}
#VER A 1757 20220319 Autoconcept insurance AB 20190731
{
   #TRANS 1930 {} -1695.00
   #TRANS 2893 {} 1695.00
}
#VER A 1758 20220319 Tele2 sverige AB 20190731
{
   #TRANS 1930 {} -672.00
   #TRANS 1799 {} 672.00
}
#VER A 1759 20220319 Bnh134 20190731
{
   #TRANS 1930 {} -23186.00
   #TRANS 1799 {} 23186.00
}
#VER A 1760 20220319 292121164009 20190731
{
   #TRANS 1930 {} -1663.60
   #TRANS 1799 {} 1663.60
}
#VER A 1761 20220319 Kostnad 20190731
{
   #TRANS 1930 {} -35.00
   #TRANS 1799 {} 35.00
}
#VER A 1762 20220319 Hyra augusti 20190731
{
   #TRANS 1930 {} -33200.00
   #TRANS 1799 {} 33200.00
}
#VER A 1763 20220319 Banktjänster 20190731
{
   #TRANS 1930 {} -183.00
   #TRANS 6570 {} 183.00
}
#VER A 1764 20220319 46735708881 20190731
{
   #TRANS 1930 {} 3795.00
   #TRANS 1910 {} -3795.00
}
#VER A 1765 20220319 Q-park AB 20190801
{
   #TRANS 1930 {} -900.00
   #TRANS 1799 {} 900.00
}
#VER A 1766 20220319 Infrastrukturavgift  si 20190801
{
   #TRANS 1930 {} -9.00
   #TRANS 1799 {} 9.00
}
#VER A 1767 20220319 Wasa kredit AB 20190801
{
   #TRANS 1930 {} -98814.00
   #TRANS 1799 {} 98814.00
}
#VER A 1768 20220319 Trängselskatt transports 20190801
{
   #TRANS 1930 {} -11.00
   #TRANS 1630 {} 11.00
}
#VER A 1769 20220319 Trängselskatt transports 20190801
{
   #TRANS 1930 {} -11.00
   #TRANS 1630 {} 11.00
}
#VER A 1770 20220319 Trängselskatt transports 20190801
{
   #TRANS 1930 {} -11.00
   #TRANS 1630 {} 11.00
}
#VER A 1771 20220319 Trängselskatt transports 20190801
{
   #TRANS 1930 {} -22.00
   #TRANS 1630 {} 22.00
}
#VER A 1772 20220319 Svea ekonomi AB 20190801
{
   #TRANS 1930 {} -10238.00
   #TRANS 1799 {} 10238.00
}
#VER A 1773 20220319 Intrum sverige AB 20190801
{
   #TRANS 1930 {} -430.13
   #TRANS 1799 {} 430.13
}
#VER A 1774 20220319 Fordonsskatt transportst 20190801
{
   #TRANS 1930 {} -115.00
   #TRANS 1630 {} 115.00
}
#VER A 1775 20220319 Bisnode sverige AB 20190801
{
   #TRANS 1930 {} -359.00
   #TRANS 1799 {} 359.00
}
#VER A 1776 20220319 If skadeförs 20190801
{
   #TRANS 1930 {} -1751.00
   #TRANS 1799 {} 1751.00
}
#VER A 1777 20220319 Circle k kun/19-08-01 20190802
{
   #TRANS 1930 {} -500.03
   #TRANS 1799 {} 500.03
}
#VER A 1778 20220319 Hotelscom811/19-08-01 20190802
{
   #TRANS 1930 {} -895.00
   #TRANS 1799 {} 895.00
}
#VER A 1779 20220319 Clarion hote/19-08-01 20190805
{
   #TRANS 1930 {} -165.00
   #TRANS 1799 {} 165.00
}
#VER A 1780 20220319 Santander consumer bank 20190805
{
   #TRANS 1930 {} -55927.00
   #TRANS 1799 {} 55927.00
}
#VER A 1781 20220319 Bg 222-9698 20190805
{
   #TRANS 1930 {} 170000.00
   #TRANS 1910 {} -170000.00
}
#VER A 1782 20220319 Khr585 20190805
{
   #TRANS 1930 {} -190000.00
   #TRANS 1799 {} 190000.00
}
#VER A 1783 20220319 Iberico tapa/19-08-04 20190805
{
   #TRANS 1930 {} -820.00
   #TRANS 1799 {} 820.00
}
#VER A 1784 20220319 Hotelscom802/19-08-04 20190805
{
   #TRANS 1930 {} -895.01
   #TRANS 1799 {} 895.01
}
#VER A 1785 20220319 Clarion hote/19-08-04 20190806
{
   #TRANS 1930 {} -220.00
   #TRANS 1799 {} 220.00
}
#VER A 1786 20220319 Autoconcept insurance AB 20190807
{
   #TRANS 1930 {} -6305.00
   #TRANS 2893 {} 6305.00
}
#VER A 1787 20220319 Bg 222-9698 20190807
{
   #TRANS 1930 {} 114800.00
   #TRANS 1910 {} -114800.00
}
#VER A 1788 20220319 8006561918  /19-08-06 20190807
{
   #TRANS 1930 {} -591.37
   #TRANS 1799 {} 591.37
}
#VER A 1789 20220319 Telge las & /19-08-06 20190807
{
   #TRANS 1930 {} -240.00
   #TRANS 1799 {} 240.00
}
#VER A 1790 20220319 Wasa kredit AB 20190808
{
   #TRANS 1930 {} -69019.00
   #TRANS 1799 {} 69019.00
}
#VER A 1791 20220319 46761850277 20190808
{
   #TRANS 1930 {} 1490.00
   #TRANS 1910 {} -1490.00
}
#VER A 1792 20220319 Circle k nor/19-08-07 20190808
{
   #TRANS 1930 {} -77.00
   #TRANS 1799 {} 77.00
}
#VER A 1793 20220319 Ingo soderte/19-08-07 20190808
{
   #TRANS 1930 {} -956.38
   #TRANS 1799 {} 956.38
}
#VER A 1794 20220319 Iz  300 auto/19-08-07 20190808
{
   #TRANS 1930 {} -10.00
   #TRANS 1799 {} 10.00
}
#VER A 1795 20220319 Parkering gö/19-08-07 20190808
{
   #TRANS 1930 {} -86.00
   #TRANS 1799 {} 86.00
}
#VER A 1796 20220319 Hotelscom800/19-08-07 20190808
{
   #TRANS 1930 {} -822.50
   #TRANS 1799 {} 822.50
}
#VER A 1797 20220319 H09403343610 20190809
{
   #TRANS 1930 {} 195000.00
   #TRANS 1910 {} -195000.00
}
#VER A 1798 20220319 Kostnad 20190809
{
   #TRANS 1930 {} -22.00
   #TRANS 1799 {} 22.00
}
#VER A 1799 20220319 Bg 222-9698 20190809
{
   #TRANS 1930 {} 9.81
   #TRANS 1910 {} -9.81
}
#VER A 1800 20220319 46723508834 20190813
{
   #TRANS 1930 {} 29480.00
   #TRANS 1910 {} -29480.00
}
#VER A 1801 20220319 Parkering gö/19-08-13 20190814
{
   #TRANS 1930 {} -20.00
   #TRANS 1799 {} 20.00
}
#VER A 1802 20220319 Hotelscom809/19-08-13 20190814
{
   #TRANS 1930 {} -1255.50
   #TRANS 1799 {} 1255.50
}
#VER A 1803 20220319 Lta952 20190815
{
   #TRANS 1930 {} -10981.00
   #TRANS 1799 {} 10981.00
}
#VER A 1804 20220319 Cou895 20190815
{
   #TRANS 1930 {} -73073.00
   #TRANS 1799 {} 73073.00
}
#VER A 1805 20220319 Kpd378 20190815
{
   #TRANS 1930 {} -24255.00
   #TRANS 1799 {} 24255.00
}
#VER A 1806 20220319 46700796101 20190815
{
   #TRANS 1930 {} 1490.00
   #TRANS 1910 {} -1490.00
}
#VER A 1807 20220319 Shell herrbe/19-08-14 20190815
{
   #TRANS 1930 {} -500.46
   #TRANS 1799 {} 500.46
}
#VER A 1808 20220319 Parkering gö/19-08-14 20190815
{
   #TRANS 1930 {} -42.00
   #TRANS 1799 {} 42.00
}
#VER A 1809 20220319 Hotelscom808/19-08-14 20190815
{
   #TRANS 1930 {} -764.11
   #TRANS 1799 {} 764.11
}
#VER A 1810 20220319 Fordonsskatt transportst 20190816
{
   #TRANS 1930 {} -65.00
   #TRANS 1630 {} 65.00
}
#VER A 1811 20220319 Fordonsskatt transportst 20190816
{
   #TRANS 1930 {} -65.00
   #TRANS 1630 {} 65.00
}
#VER A 1812 20220319 Energikundservice sverig 20190816
{
   #TRANS 1930 {} -238.00
   #TRANS 1799 {} 238.00
}
#VER A 1813 20220319 Göteborg energi din el a 20190816
{
   #TRANS 1930 {} -221.00
   #TRANS 1799 {} 221.00
}
#VER A 1814 20220319 Santander consumer bank 20190816
{
   #TRANS 1930 {} -105745.00
   #TRANS 1799 {} 105745.00
}
#VER A 1815 20220319 Tele2 sverige AB 20190816
{
   #TRANS 1930 {} -912.00
   #TRANS 1799 {} 912.00
}
#VER A 1816 20220319 Svea inkasso AB 20190816
{
   #TRANS 1930 {} -1857.00
   #TRANS 1799 {} 1857.00
}
#VER A 1817 20220319 Kifisia     /19-08-13 20190819
{
   #TRANS 1930 {} -384.21
   #TRANS 1799 {} 384.21
}
#VER A 1818 20220319 Tcu094 20190819
{
   #TRANS 1930 {} -160000.00
   #TRANS 1799 {} 160000.00
}
#VER A 1819 20220319 H16403777763 20190819
{
   #TRANS 1930 {} 37000.00
   #TRANS 1910 {} -37000.00
}
#VER A 1820 20220319 Kostnad 20190819
{
   #TRANS 1930 {} -22.00
   #TRANS 1799 {} 22.00
}
#VER A 1821 20220319 Uppsala park/19-08-17 20190819
{
   #TRANS 1930 {} -110.00
   #TRANS 1799 {} 110.00
}
#VER A 1822 20220319 Golf 20190820
{
   #TRANS 1930 {} 10000.00
   #TRANS 1910 {} -10000.00
}
#VER A 1823 20220319 Okq8        /19-08-17 20190820
{
   #TRANS 1930 {} -300.13
   #TRANS 1799 {} 300.13
}
#VER A 1824 20220319 Bg 222-9698 20190821
{
   #TRANS 1930 {} 44800.00
   #TRANS 1910 {} -44800.00
}
#VER A 1825 20220319 46722333352 20190821
{
   #TRANS 1930 {} 1490.00
   #TRANS 1910 {} -1490.00
}
#VER A 1826 20220319 Okq8        /19-08-19 20190821
{
   #TRANS 1930 {} -200.87
   #TRANS 1799 {} 200.87
}
#VER A 1827 20220319 Bilgiganten /19-08-19 20190821
{
   #TRANS 1930 {} -559.00
   #TRANS 1799 {} 559.00
}
#VER A 1828 20220319 Bilgiganten /19-08-19 20190821
{
   #TRANS 1930 {} -2500.00
   #TRANS 1799 {} 2500.00
}
#VER A 1829 20220319 Carcenter group i stockh 20190822
{
   #TRANS 1930 {} -2080.00
   #TRANS 1799 {} 2080.00
}
#VER A 1830 20220319 Bg 222-9698 20190822
{
   #TRANS 1930 {} 85000.00
   #TRANS 1910 {} -85000.00
}
#VER A 1831 20220319 Ingo soderte/19-08-21 20190822
{
   #TRANS 1930 {} -401.29
   #TRANS 1799 {} 401.29
}
#VER A 1832 20220319 Bilgiganten /19-08-21 20190822
{
   #TRANS 1930 {} -559.00
   #TRANS 1799 {} 559.00
}
#VER A 1833 20220319 Åter garanti 20190823
{
   #TRANS 1930 {} -2096.00
   #TRANS 1799 {} 2096.00
}
#VER A 1834 20220319 46737520265 20190823
{
   #TRANS 1930 {} 1490.00
   #TRANS 1910 {} -1490.00
}
#VER A 1835 20220319 Alby macken /19-08-22 20190823
{
   #TRANS 1930 {} -129.00
   #TRANS 1799 {} 129.00
}
#VER A 1836 20220319 Hotelscom811/19-08-23 20190826
{
   #TRANS 1930 {} -2615.51
   #TRANS 1799 {} 2615.51
}
#VER A 1837 20220319 Autounique i stockholm a 20190826
{
   #TRANS 1930 {} -5638.00
   #TRANS 2893 {} 5638.00
}
#VER A 1838 20220319 Yzb952 20190826
{
   #TRANS 1930 {} -33754.00
   #TRANS 1799 {} 33754.00
}
#VER A 1839 20220319 46762141222 20190826
{
   #TRANS 1930 {} 1490.00
   #TRANS 1910 {} -1490.00
}
#VER A 1840 20220319 Preem       /19-08-25 20190826
{
   #TRANS 1930 {} -400.94
   #TRANS 1799 {} 400.94
}
#VER A 1841 20220319 Brussels    /19-08-23 20190826
{
   #TRANS 1930 {} -87.73
   #TRANS 1799 {} 87.73
}
#VER A 1842 20220319 Rusta borkyr/19-08-24 20190826
{
   #TRANS 1930 {} -112.40
   #TRANS 1799 {} 112.40
}
#VER A 1843 20220319 Bmw financial services s 20190827
{
   #TRANS 1930 {} -286246.00
   #TRANS 1799 {} 286246.00
}
#VER A 1844 20220319 Bg 222-9698 20190827
{
   #TRANS 1930 {} 98150.00
   #TRANS 1910 {} -98150.00
}
#VER A 1845 20220319 Okq8        /19-08-24 20190827
{
   #TRANS 1930 {} -200.41
   #TRANS 1799 {} 200.41
}
#VER A 1846 20220319 46700123283 20190828
{
   #TRANS 1930 {} 1490.00
   #TRANS 1910 {} -1490.00
}
#VER A 1847 20220319 46706410529 20190828
{
   #TRANS 1930 {} 1490.00
   #TRANS 1910 {} -1490.00
}
#VER A 1848 20220319 Ica supermar/19-08-26 20190828
{
   #TRANS 1930 {} -347.00
   #TRANS 1799 {} 347.00
}
#VER A 1849 20220319 St1 alby    /19-08-27 20190828
{
   #TRANS 1930 {} -200.06
   #TRANS 1799 {} 200.06
}
#VER A 1850 20220319 Yokab AB 20190829
{
   #TRANS 1930 {} -9500.00
   #TRANS 1799 {} 9500.00
}
#VER A 1851 20220319 Bg 222-9698 20190829
{
   #TRANS 1930 {} 1490.00
   #TRANS 1910 {} -1490.00
}
#VER A 1852 20220319 Banktjänster 20190829
{
   #TRANS 1930 {} -178.00
   #TRANS 6570 {} 178.00
}
#VER A 1853 20220319 Bg 222-9698 20190830
{
   #TRANS 1930 {} 117920.00
   #TRANS 1910 {} -117920.00
}
#VER A 1854 20220319 46736267383 20190830
{
   #TRANS 1930 {} 1490.00
   #TRANS 1910 {} -1490.00
}
#VER A 1855 20220319 Bilprovninge/19-08-30 20190902
{
   #TRANS 1930 {} -499.00
   #TRANS 1799 {} 499.00
}
#VER A 1856 20220319 Stjarnans bi/19-08-30 20190902
{
   #TRANS 1930 {} -2800.00
   #TRANS 1799 {} 2800.00
}
#VER A 1857 20220319 St1 alby    /19-08-30 20190902
{
   #TRANS 1930 {} -300.12
   #TRANS 1799 {} 300.12
}
#VER A 1858 20220319 46736400330 20190902
{
   #TRANS 1930 {} 138500.00
   #TRANS 1910 {} -138500.00
}
#VER A 1859 20220319 Santander consumer bank 20190902
{
   #TRANS 1930 {} -122348.00
   #TRANS 1799 {} 122348.00
}
#VER A 1860 20220319 If skadeförs 20190902
{
   #TRANS 1930 {} -1751.00
   #TRANS 1799 {} 1751.00
}
#VER A 1861 20220319 Mnd965 20190902
{
   #TRANS 1930 {} -4662.00
   #TRANS 1799 {} 4662.00
}
#VER A 1862 20220319 Circle k sol/19-08-31 20190902
{
   #TRANS 1930 {} -203.22
   #TRANS 1799 {} 203.22
}
#VER A 1863 20220319 Best western/19-08-31 20190902
{
   #TRANS 1930 {} -1400.00
   #TRANS 1799 {} 1400.00
}
#VER A 1864 20220319 Hagman europatransporter 20190903
{
   #TRANS 1930 {} -20000.00
   #TRANS 1799 {} 20000.00
}
#VER A 1865 20220319 Hyra septemb 20190903
{
   #TRANS 1930 {} -33200.00
   #TRANS 1799 {} 33200.00
}
#VER A 1866 20220319 Lexbase se  /19-09-02 20190903
{
   #TRANS 1930 {} -95.00
   #TRANS 1799 {} 95.00
}
#VER A 1867 20220319 Bg 222-9698 20190904
{
   #TRANS 1930 {} 240000.00
   #TRANS 1910 {} -240000.00
}
#VER A 1868 20220319 292471387954 20190904
{
   #TRANS 1930 {} -1622.70
   #TRANS 1799 {} 1622.70
}
#VER A 1869 20220319 Kostnad 20190904
{
   #TRANS 1930 {} -35.00
   #TRANS 1799 {} 35.00
}
#VER A 1870 20220319 292471387979 20190904
{
   #TRANS 1930 {} -1677.16
   #TRANS 1799 {} 1677.16
}
#VER A 1871 20220319 Kostnad 20190904
{
   #TRANS 1930 {} -55.00
   #TRANS 1799 {} 55.00
}
#VER A 1872 20220319 292471387980 20190904
{
   #TRANS 1930 {} -1623.07
   #TRANS 1799 {} 1623.07
}
#VER A 1873 20220319 Kostnad 20190904
{
   #TRANS 1930 {} -35.00
   #TRANS 1799 {} 35.00
}
#VER A 1874 20220319 Firsthotelal/19-09-03 20190904
{
   #TRANS 1930 {} -3312.00
   #TRANS 1799 {} 3312.00
}
#VER A 1875 20220319 Infrastrukturavgift si 20190905
{
   #TRANS 1930 {} -9.00
   #TRANS 1799 {} 9.00
}
#VER A 1876 20220319 Fordonsskatt transportst 20190905
{
   #TRANS 1930 {} -65.00
   #TRANS 1630 {} 65.00
}
#VER A 1877 20220319 Formac production AB 20190905
{
   #TRANS 1930 {} -2869.00
   #TRANS 1799 {} 2869.00
}
#VER A 1878 20220319 Autoconcept insurance AB 20190905
{
   #TRANS 1930 {} -4090.00
   #TRANS 2893 {} 4090.00
}
#VER A 1879 20220319 Bisnode sverige AB 20190905
{
   #TRANS 1930 {} -325.00
   #TRANS 1799 {} 325.00
}
#VER A 1880 20220319 Hotelscom800/19-09-04 20190905
{
   #TRANS 1930 {} -3866.49
   #TRANS 1799 {} 3866.49
}
#VER A 1881 20220319 46736819693 20190906
{
   #TRANS 1930 {} 1490.00
   #TRANS 1910 {} -1490.00
}
#VER A 1882 20220319 Biltema mora/19-09-05 20190906
{
   #TRANS 1930 {} -143.90
   #TRANS 1799 {} 143.90
}
#VER A 1883 20220319 Maxi ica sto/19-09-05 20190906
{
   #TRANS 1930 {} -285.20
   #TRANS 1799 {} 285.20
}
#VER A 1884 20220319 St1 alby    /19-09-05 20190906
{
   #TRANS 1930 {} -100.10
   #TRANS 1799 {} 100.10
}
#VER A 1885 20220319 46736998995 20190909
{
   #TRANS 1930 {} 1490.00
   #TRANS 1910 {} -1490.00
}
#VER A 1886 20220319 Stjarnans bi/19-09-06 20190909
{
   #TRANS 1930 {} -2800.00
   #TRANS 1799 {} 2800.00
}
#VER A 1887 20220319 Bg 222-9698 20190909
{
   #TRANS 1930 {} 289800.00
   #TRANS 1910 {} -289800.00
}
#VER A 1888 20220319 Bauhaus botk/19-09-07 20190909
{
   #TRANS 1930 {} -1463.00
   #TRANS 1799 {} 1463.00
}
#VER A 1889 20220319 Rusta borkyr/19-09-07 20190909
{
   #TRANS 1930 {} -176.40
   #TRANS 1799 {} 176.40
}
#VER A 1890 20220319 Dnb bank ASA filial sver 20190910
{
   #TRANS 1930 {} -158931.00
   #TRANS 1799 {} 158931.00
}
#VER A 1891 20220319 Fordonsskatt transportst 20190910
{
   #TRANS 1930 {} -300.00
   #TRANS 1630 {} 300.00
}
#VER A 1892 20220319 Ngf906 20190910
{
   #TRANS 1930 {} -263510.00
   #TRANS 1799 {} 263510.00
}
#VER A 1893 20220319 Bst531 20190910
{
   #TRANS 1930 {} -45000.00
   #TRANS 1799 {} 45000.00
}
#VER A 1894 20220319 Bfl195 20190910
{
   #TRANS 1930 {} -9579.00
   #TRANS 1799 {} 9579.00
}
#VER A 1895 20220319 Selecta swed/19-09-09 20190910
{
   #TRANS 1930 {} -39.00
   #TRANS 1799 {} 39.00
}
#VER A 1896 20220319 Rusta borkyr/19-09-09 20190910
{
   #TRANS 1930 {} -62.80
   #TRANS 1799 {} 62.80
}
#VER A 1897 20220319 Bg 222-9698 20190911
{
   #TRANS 1930 {} 35000.00
   #TRANS 1910 {} -35000.00
}
#VER A 1898 20220319 Fälgar t kun 20190911
{
   #TRANS 1930 {} -10000.00
   #TRANS 1799 {} 10000.00
}
#VER A 1899 20220319 Biltema swed/19-09-10 20190911
{
   #TRANS 1930 {} -49.90
   #TRANS 1799 {} 49.90
}
#VER A 1900 20220319 Ger346 20190912
{
   #TRANS 1930 {} -125000.00
   #TRANS 1799 {} 125000.00
}
#VER A 1901 20220319 Autodoc     /19-09-11 20190912
{
   #TRANS 1930 {} -658.48
   #TRANS 2893 {} 658.48
}
#VER A 1902 20220319 Okq8        /19-09-12 20190913
{
   #TRANS 1930 {} -100.79
   #TRANS 1799 {} 100.79
}
#VER A 1903 20220319 Alby macken /19-09-11 20190913
{
   #TRANS 1930 {} -436.00
   #TRANS 1799 {} 436.00
}
#VER A 1904 20220319 Shell södert/19-09-13 20190916
{
   #TRANS 1930 {} -500.19
   #TRANS 1799 {} 500.19
}
#VER A 1905 20220319 Bg 222-9698 20190916
{
   #TRANS 1930 {} 60000.00
   #TRANS 1910 {} -60000.00
}
#VER A 1906 20220319 Trafikkontor/19-09-13 20190916
{
   #TRANS 1930 {} -39.00
   #TRANS 1799 {} 39.00
}
#VER A 1907 20220319 Gtn072 20190917
{
   #TRANS 1930 {} -7431.00
   #TRANS 1799 {} 7431.00
}
#VER A 1908 20220319 Södertälje kommun ksk/re 20190918
{
   #TRANS 1930 {} -700.00
   #TRANS 1799 {} 700.00
}
#VER A 1909 20220319 Xga346 gara 20190918
{
   #TRANS 1930 {} -3795.00
   #TRANS 1799 {} 3795.00
}
#VER A 1910 20220319 Trafikkontor/19-09-16 20190918
{
   #TRANS 1930 {} -28.17
   #TRANS 1799 {} 28.17
}
#VER A 1911 20220319 Nordea finans sverige AB 20190919
{
   #TRANS 1930 {} -192569.00
   #TRANS 1799 {} 192569.00
}
#VER A 1912 20220319 Stjarnans bi/19-09-18 20190919
{
   #TRANS 1930 {} -2400.00
   #TRANS 1799 {} 2400.00
}
#VER A 1913 20220319 St1 alby    /19-09-18 20190919
{
   #TRANS 1930 {} -200.23
   #TRANS 1799 {} 200.23
}
#VER A 1914 20220319 Gsn602 20190920
{
   #TRANS 1930 {} -37854.00
   #TRANS 1799 {} 37854.00
}
#VER A 1915 20220319 Bauhaus botk/19-09-19 20190920
{
   #TRANS 1930 {} -771.90
   #TRANS 1799 {} 771.90
}
#VER A 1916 20220319 Ingo soderte/19-09-19 20190920
{
   #TRANS 1930 {} -200.21
   #TRANS 1799 {} 200.21
}
#VER A 1917 20220319 Rusta sodert/19-09-20 20190923
{
   #TRANS 1930 {} -679.90
   #TRANS 1799 {} 679.90
}
#VER A 1918 20220319 Volkswagen finans sverig 20190923
{
   #TRANS 1930 {} -169146.00
   #TRANS 1799 {} 169146.00
}
#VER A 1919 20220319 Parkering so/19-09-21 20190923
{
   #TRANS 1930 {} -16.00
   #TRANS 1799 {} 16.00
}
#VER A 1920 20220319 Shell södert/19-09-21 20190923
{
   #TRANS 1930 {} -200.53
   #TRANS 1799 {} 200.53
}
#VER A 1921 20220319 St1 alby    /19-09-21 20190923
{
   #TRANS 1930 {} -200.06
   #TRANS 1799 {} 200.06
}
#VER A 1922 20220319 Jysk kungens/19-09-22 20190923
{
   #TRANS 1930 {} -100.00
   #TRANS 1799 {} 100.00
}
#VER A 1923 20220319 Ikea-kungens/19-09-22 20190923
{
   #TRANS 1930 {} -956.00
   #TRANS 1799 {} 956.00
}
#VER A 1924 20220319 Rusta bromma/19-09-21 20190923
{
   #TRANS 1930 {} -1568.40
   #TRANS 1799 {} 1568.40
}
#VER A 1925 20220319 Jula sverige/19-09-21 20190923
{
   #TRANS 1930 {} -99.90
   #TRANS 1799 {} 99.90
}
#VER A 1926 20220319 Bg 222-9698 20190924
{
   #TRANS 1930 {} 10000.00
   #TRANS 1910 {} -10000.00
}
#VER A 1927 20220319 Ttw561 20190925
{
   #TRANS 1930 {} -82149.00
   #TRANS 1799 {} 82149.00
}
#VER A 1928 20220319 Autounique i/19-09-23 20190925
{
   #TRANS 1930 {} -4563.00
   #TRANS 2893 {} 4563.00
}
#VER A 1929 20220319 Parkering so/19-09-23 20190925
{
   #TRANS 1930 {} -22.00
   #TRANS 1799 {} 22.00
}
#VER A 1930 20220319 Bestsecret c/19-09-23 20190925
{
   #TRANS 1930 {} -1325.00
   #TRANS 1799 {} 1325.00
}
#VER A 1931 20220319 Trängselskatt transports 20190926
{
   #TRANS 1930 {} -22.00
   #TRANS 1630 {} 22.00
}
#VER A 1932 20220319 Trängselskatt transports 20190926
{
   #TRANS 1930 {} -40.00
   #TRANS 1630 {} 40.00
}
#VER A 1933 20220319 Trängselskatt transports 20190926
{
   #TRANS 1930 {} -47.00
   #TRANS 1630 {} 47.00
}
#VER A 1934 20220319 Trängselskatt transports 20190926
{
   #TRANS 1930 {} -96.00
   #TRANS 1630 {} 96.00
}
#VER A 1935 20220319 Trängselskatt transports 20190926
{
   #TRANS 1930 {} -242.00
   #TRANS 1630 {} 242.00
}
#VER A 1936 20220319 Yokab AB 20190926
{
   #TRANS 1930 {} -9500.00
   #TRANS 1799 {} 9500.00
}
#VER A 1937 20220319 Fordonsskatt transportst 20190926
{
   #TRANS 1930 {} -115.00
   #TRANS 1630 {} 115.00
}
#VER A 1938 20220319 Parkman i sverige AB 20190926
{
   #TRANS 1930 {} -255.00
   #TRANS 1799 {} 255.00
}
#VER A 1939 20220319 Toyota kreditbank gmbh t 20190926
{
   #TRANS 1930 {} -46361.00
   #TRANS 1799 {} 46361.00
}
#VER A 1940 20220319 Energikundservice sverig 20190926
{
   #TRANS 1930 {} -156.00
   #TRANS 1799 {} 156.00
}
#VER A 1941 20220319 Tele2 sverige AB 20190926
{
   #TRANS 1930 {} -647.00
   #TRANS 1799 {} 647.00
}
#VER A 1942 20220319 Handels-& juristinkasso 20190926
{
   #TRANS 1930 {} -500.00
   #TRANS 1799 {} 500.00
}
#VER A 1943 20220319 Michal ptace 20190926
{
   #TRANS 1930 {} 10608.94
   #TRANS 1910 {} -10608.94
}
#VER A 1944 20220319 Gsn859 20190926
{
   #TRANS 1930 {} 45000.00
   #TRANS 1910 {} -45000.00
}
#VER A 1945 20220319 Gsn859 20190926
{
   #TRANS 1930 {} 45000.00
   #TRANS 1910 {} -45000.00
}
#VER A 1946 20220319 Trafikverket/19-09-25 20190926
{
   #TRANS 1930 {} -100.00
   #TRANS 1799 {} 100.00
}
#VER A 1947 20220319 Ingo soderte/19-09-27 20190930
{
   #TRANS 1930 {} -500.03
   #TRANS 1799 {} 500.03
}
#VER A 1948 20220319 Bg 222-9698 20190930
{
   #TRANS 1930 {} 219840.00
   #TRANS 1910 {} -219840.00
}
#VER A 1949 20220319 Biltema swed/19-09-27 20190930
{
   #TRANS 1930 {} -1049.00
   #TRANS 1799 {} 1049.00
}
#VER A 1950 20220319 Ränta 20190930
{
   #TRANS 1930 {} -368.16
   #TRANS 1799 {} 368.16
}
#VER A 1951 20220319 If skadeförs 20191001
{
   #TRANS 1930 {} -1751.00
   #TRANS 1799 {} 1751.00
}
#VER A 1952 20220319 St1 alby    /19-09-30 20191001
{
   #TRANS 1930 {} -200.12
   #TRANS 1799 {} 200.12
}
#VER A 1953 20220319 13270100248 20191002
{
   #TRANS 1930 {} -33200.00
   #TRANS 1799 {} 33200.00
}
#VER A 1954 20220319 Banktjänster 20191002
{
   #TRANS 1930 {} -165.50
   #TRANS 6570 {} 165.50
}
#VER A 1955 20220319 Hotelscom921/19-10-01 20191002
{
   #TRANS 1930 {} -783.00
   #TRANS 1799 {} 783.00
}
#VER A 1956 20220319 Biltema swed/19-10-02 20191003
{
   #TRANS 1930 {} -144.80
   #TRANS 1799 {} 144.80
}
#VER A 1957 20220319 Biltema swed/19-10-02 20191003
{
   #TRANS 1930 {} -89.90
   #TRANS 1799 {} 89.90
}
#VER A 1958 20220319 Citystay upp/19-10-01 20191003
{
   #TRANS 1930 {} -200.00
   #TRANS 1799 {} 200.00
}
#VER A 1959 20220319 Ad sverige b/19-10-02 20191003
{
   #TRANS 1930 {} -144.00
   #TRANS 1799 {} 144.00
}
#VER A 1960 20220319 Uppsala park/19-10-02 20191004
{
   #TRANS 1930 {} -10.00
   #TRANS 1799 {} 10.00
}
#VER A 1961 20220319 46769002100 20191007
{
   #TRANS 1930 {} 4600.00
   #TRANS 1910 {} -4600.00
}
#VER A 1962 20220319 46709991672 20191007
{
   #TRANS 1930 {} 4000.00
   #TRANS 1910 {} -4000.00
}
#VER A 1963 20220319 St1 alby    /19-10-04 20191007
{
   #TRANS 1930 {} -200.36
   #TRANS 1799 {} 200.36
}
#VER A 1964 20220319 Dnb bank ASA filial sver 20191007
{
   #TRANS 1930 {} -22642.00
   #TRANS 1799 {} 22642.00
}
#VER A 1965 20220319 Cbl868 20191007
{
   #TRANS 1930 {} -35358.00
   #TRANS 1799 {} 35358.00
}
#VER A 1966 20220319 Inferno onli/19-10-06 20191007
{
   #TRANS 1930 {} -110.00
   #TRANS 1799 {} 110.00
}
#VER A 1967 20220319 Circle k kun/19-10-06 20191007
{
   #TRANS 1930 {} -300.81
   #TRANS 1799 {} 300.81
}
#VER A 1968 20220319 Preem       /19-10-05 20191007
{
   #TRANS 1930 {} -103.39
   #TRANS 1799 {} 103.39
}
#VER A 1969 20220319 Biltema swed/19-10-06 20191007
{
   #TRANS 1930 {} -169.00
   #TRANS 1799 {} 169.00
}
#VER A 1970 20220319 Parkering so/19-10-06 20191008
{
   #TRANS 1930 {} -23.00
   #TRANS 1799 {} 23.00
}
#VER A 1971 20220319 Parkering so/19-10-05 20191008
{
   #TRANS 1930 {} -1.00
   #TRANS 1799 {} 1.00
}
#VER A 1972 20220319 Göteborg energi din el a 20191009
{
   #TRANS 1930 {} -185.00
   #TRANS 1799 {} 185.00
}
#VER A 1973 20220319 Autoconcept insurance AB 20191009
{
   #TRANS 1930 {} -1855.00
   #TRANS 2893 {} 1855.00
}
#VER A 1974 20220319 Autoconcept insurance AB 20191009
{
   #TRANS 1930 {} -2243.00
   #TRANS 2893 {} 2243.00
}
#VER A 1975 20220319 Bisnode sverige AB 20191009
{
   #TRANS 1930 {} -333.00
   #TRANS 1799 {} 333.00
}
#VER A 1976 20220319 Bg 222-9698 20191009
{
   #TRANS 1930 {} 34400.00
   #TRANS 1910 {} -34400.00
}
#VER A 1977 20220319 Parkering so/19-10-07 20191009
{
   #TRANS 1930 {} -10.00
   #TRANS 1799 {} 10.00
}
#VER A 1978 20220319 Autoconcept insurance AB 20191010
{
   #TRANS 1930 {} -5108.00
   #TRANS 2893 {} 5108.00
}
#VER A 1979 20220319 Visma financial solution 20191010
{
   #TRANS 1930 {} -860.00
   #TRANS 1799 {} 860.00
}
#VER A 1980 20220319 46723024836 20191010
{
   #TRANS 1930 {} 1490.00
   #TRANS 1910 {} -1490.00
}
#VER A 1981 20220319 Alby macken /19-10-09 20191010
{
   #TRANS 1930 {} -125.00
   #TRANS 1799 {} 125.00
}
#VER A 1982 20220319 46700123283 20191011
{
   #TRANS 1930 {} 1490.00
   #TRANS 1910 {} -1490.00
}
#VER A 1983 20220319 Ingo soderte/19-10-10 20191011
{
   #TRANS 1930 {} -500.12
   #TRANS 1799 {} 500.12
}
#VER A 1984 20220319 Bg 222-9698 20191014
{
   #TRANS 1930 {} 122800.00
   #TRANS 1910 {} -122800.00
}
#VER A 1985 20220319 46705271853 20191014
{
   #TRANS 1930 {} 1490.00
   #TRANS 1910 {} -1490.00
}
#VER A 1986 20220319 Sector alarm företag/pay 20191015
{
   #TRANS 1930 {} -1025.50
   #TRANS 1799 {} 1025.50
}
#VER A 1987 20220319 32560148013 20191015
{
   #TRANS 1930 {} -200000.00
   #TRANS 1799 {} 200000.00
}
#VER A 1988 20220319 Ahu672 20191016
{
   #TRANS 1930 {} -130000.00
   #TRANS 1799 {} 130000.00
}
#VER A 1989 20220319 46700361036 20191016
{
   #TRANS 1930 {} 1490.00
   #TRANS 1910 {} -1490.00
}
#VER A 1990 20220319 Bg 222-9698 20191016
{
   #TRANS 1930 {} 147517.00
   #TRANS 1910 {} -147517.00
}
#VER A 1991 20220319 Bilgiganten /19-10-14 20191016
{
   #TRANS 1930 {} -5040.00
   #TRANS 1799 {} 5040.00
}
#VER A 1992 20220319 St1 alby    /19-10-15 20191016
{
   #TRANS 1930 {} -100.43
   #TRANS 1799 {} 100.43
}
#VER A 1993 20220319 46723100009 20191017
{
   #TRANS 1930 {} 1481.00
   #TRANS 1910 {} -1481.00
}
#VER A 1994 20220319 Circle k nac/19-10-16 20191017
{
   #TRANS 1930 {} -200.18
   #TRANS 1799 {} 200.18
}
#VER A 1995 20220319 Fordonsskatt transportst 20191018
{
   #TRANS 1930 {} -1481.00
   #TRANS 1630 {} 1481.00
}
#VER A 1996 20220319 46769484610 20191018
{
   #TRANS 1930 {} 48960.00
   #TRANS 1910 {} -48960.00
}
#VER A 1997 20220319 Biltema swed/19-10-18 20191021
{
   #TRANS 1930 {} -107.60
   #TRANS 1799 {} 107.60
}
#VER A 1998 20220319 Stjarnans bi/19-10-21 20191022
{
   #TRANS 1930 {} -1200.00
   #TRANS 1799 {} 1200.00
}
#VER A 1999 20220319 Skatteverket 20191023
{
   #TRANS 1930 {} -40000.00
   #TRANS 1630 {} 40000.00
}
#VER A 2000 20220319 Bg 222-9698 20191023
{
   #TRANS 1930 {} 183840.00
   #TRANS 1910 {} -183840.00
}
#VER A 2001 20220319 46767881599 20191023
{
   #TRANS 1930 {} 5000.00
   #TRANS 1910 {} -5000.00
}
#VER A 2002 20220319 46767881599 20191023
{
   #TRANS 1930 {} 12000.00
   #TRANS 1910 {} -12000.00
}
#VER A 2003 20220319 Stjarnans bi/19-10-22 20191023
{
   #TRANS 1930 {} -1681.00
   #TRANS 1799 {} 1681.00
}
#VER A 2004 20220319 Tele2 sverige AB 20191024
{
   #TRANS 1930 {} -949.00
   #TRANS 1799 {} 949.00
}
#VER A 2005 20220319 Tele2 sverige AB 20191024
{
   #TRANS 1930 {} -1225.00
   #TRANS 1799 {} 1225.00
}
#VER A 2006 20220319 Tele2 sverige AB 20191024
{
   #TRANS 1930 {} -1259.00
   #TRANS 1799 {} 1259.00
}
#VER A 2007 20220319 Bilprovninge/19-10-24 20191025
{
   #TRANS 1930 {} -539.00
   #TRANS 1799 {} 539.00
}
#VER A 2008 20220319 St1 alby    /19-10-24 20191025
{
   #TRANS 1930 {} -301.20
   #TRANS 1799 {} 301.20
}
#VER A 2009 20220319 46739906537 20191028
{
   #TRANS 1930 {} 1490.00
   #TRANS 1910 {} -1490.00
}
#VER A 2010 20220319 St1 alby    /19-10-25 20191028
{
   #TRANS 1930 {} -100.27
   #TRANS 1799 {} 100.27
}
#VER A 2011 20220319 Gnr643 20191028
{
   #TRANS 1930 {} -90000.00
   #TRANS 1799 {} 90000.00
}
#VER A 2012 20220319 St1 alby    /19-10-27 20191028
{
   #TRANS 1930 {} -200.24
   #TRANS 1799 {} 200.24
}
#VER A 2013 20220319 Banktjänster 20191029
{
   #TRANS 1930 {} -155.50
   #TRANS 6570 {} 155.50
}
#VER A 2014 20220319 Trängselskatt transports 20191030
{
   #TRANS 1930 {} -11.00
   #TRANS 1630 {} 11.00
}
#VER A 2015 20220319 Trängselskatt transports 20191030
{
   #TRANS 1930 {} -26.00
   #TRANS 1630 {} 26.00
}
#VER A 2016 20220319 Trängselskatt transports 20191030
{
   #TRANS 1930 {} -70.00
   #TRANS 1630 {} 70.00
}
#VER A 2017 20220319 Trängselskatt transports 20191030
{
   #TRANS 1930 {} -85.00
   #TRANS 1630 {} 85.00
}
#VER A 2018 20220319 Trängselskatt transports 20191030
{
   #TRANS 1930 {} -177.00
   #TRANS 1630 {} 177.00
}
#VER A 2019 20220319 Trängselskatt transports 20191030
{
   #TRANS 1930 {} -230.00
   #TRANS 1630 {} 230.00
}
#VER A 2020 20220319 Svea ekonomi AB 20191030
{
   #TRANS 1930 {} -3938.00
   #TRANS 1799 {} 3938.00
}
#VER A 2021 20220319 Svea ekonomi AB 20191030
{
   #TRANS 1930 {} -7875.00
   #TRANS 1799 {} 7875.00
}
#VER A 2022 20220319 Svea ekonomi AB 20191030
{
   #TRANS 1930 {} -11813.00
   #TRANS 1799 {} 11813.00
}
#VER A 2023 20220319 Yokab AB 20191030
{
   #TRANS 1930 {} -9500.00
   #TRANS 1799 {} 9500.00
}
#VER A 2024 20220319 Trygg hansa försäkring f 20191030
{
   #TRANS 1930 {} -2581.00
   #TRANS 1799 {} 2581.00
}
#VER A 2025 20220319 Felparkeringsavgift tran 20191030
{
   #TRANS 1930 {} -700.00
   #TRANS 1799 {} 700.00
}
#VER A 2026 20220319 Felparkeringsavgift tran 20191030
{
   #TRANS 1930 {} -1300.00
   #TRANS 1799 {} 1300.00
}
#VER A 2027 20220319 Autoconcept insurance AB 20191030
{
   #TRANS 1930 {} -5343.00
   #TRANS 2893 {} 5343.00
}
#VER A 2028 20220319 Media markt /19-10-29 20191030
{
   #TRANS 1930 {} -628.00
   #TRANS 1799 {} 628.00
}
#VER A 2029 20220319 Telge las & /19-10-30 20191031
{
   #TRANS 1930 {} -140.00
   #TRANS 1799 {} 140.00
}
#VER A 2030 20220319 If skadeförs 20191101
{
   #TRANS 1930 {} -1751.00
   #TRANS 1799 {} 1751.00
}
#VER A 2031 20220319 Biltema swed/19-10-31 20191101
{
   #TRANS 1930 {} -42.90
   #TRANS 1799 {} 42.90
}
#VER A 2032 20220319 Shell södert/19-10-31 20191101
{
   #TRANS 1930 {} -200.23
   #TRANS 1799 {} 200.23
}
#VER A 2033 20220319 Malin ljung 20191104
{
   #TRANS 1930 {} 97800.00
   #TRANS 1910 {} -97800.00
}
#VER A 2034 20220319 Ghassan harb 20191104
{
   #TRANS 1930 {} 10617.87
   #TRANS 1910 {} -10617.87
}
#VER A 2035 20220319 13270100248 20191104
{
   #TRANS 1930 {} -30700.00
   #TRANS 1799 {} 30700.00
}
#VER A 2036 20220319 Ingo soderte/19-11-02 20191104
{
   #TRANS 1930 {} -200.44
   #TRANS 1799 {} 200.44
}
#VER A 2037 20220319 Biltema mora/19-11-03 20191104
{
   #TRANS 1930 {} -618.80
   #TRANS 1799 {} 618.80
}
#VER A 2038 20220319 Maxi ica sto/19-11-03 20191104
{
   #TRANS 1930 {} -679.50
   #TRANS 1799 {} 679.50
}
#VER A 2039 20220319 Atm maxi ica/19-11-02 20191104
{
   #TRANS 1930 {} -3800.00
   #TRANS 1799 {} 3800.00
}
#VER A 2040 20220319 Maxi ica sto/19-11-02 20191104
{
   #TRANS 1930 {} -39.90
   #TRANS 1799 {} 39.90
}
#VER A 2041 20220319 46739031137 20191106
{
   #TRANS 1930 {} 5000.00
   #TRANS 1910 {} -5000.00
}
#VER A 2042 20220319 46739977521 20191106
{
   #TRANS 1930 {} 1490.00
   #TRANS 1910 {} -1490.00
}
#VER A 2043 20220319 300 auto AB 20191107
{
   #TRANS 1930 {} 100000.00
   #TRANS 1910 {} -100000.00
}
#VER A 2044 20220319 46739031137 20191107
{
   #TRANS 1930 {} 50000.00
   #TRANS 1910 {} -50000.00
}
#VER A 2045 20220319 Circle k kun/19-11-06 20191107
{
   #TRANS 1930 {} -200.09
   #TRANS 1799 {} 200.09
}
#VER A 2046 20220319 St1 alby    /19-11-06 20191107
{
   #TRANS 1930 {} -500.00
   #TRANS 1799 {} 500.00
}
#VER A 2047 20220319 Dnb bank ASA filial sver 20191108
{
   #TRANS 1930 {} -158539.00
   #TRANS 1799 {} 158539.00
}
#VER A 2048 20220319 Intrum sverige AB 20191108
{
   #TRANS 1930 {} -885.00
   #TRANS 1799 {} 885.00
}
#VER A 2049 20220319 Paypal *stra 20191108
{
   #TRANS 1930 {} 397.72
   #TRANS 1910 {} -397.72
}
#VER A 2050 20220319 46728712505 20191108
{
   #TRANS 1930 {} 1490.00
   #TRANS 1910 {} -1490.00
}
#VER A 2051 20220319 Ocd011 20191111
{
   #TRANS 1930 {} -118510.00
   #TRANS 1799 {} 118510.00
}
#VER A 2052 20220319 Epc450 20191111
{
   #TRANS 1930 {} -14971.00
   #TRANS 1799 {} 14971.00
}
#VER A 2053 20220319 St1 alby    /19-11-09 20191111
{
   #TRANS 1930 {} -200.10
   #TRANS 1799 {} 200.10
}
#VER A 2054 20220319 9131823719 20191113
{
   #TRANS 1930 {} 100000.00
   #TRANS 1910 {} -100000.00
}
#VER A 2055 20220319 46709123500 20191113
{
   #TRANS 1930 {} 1490.00
   #TRANS 1910 {} -1490.00
}
#VER A 2056 20220319 46765548102 20191113
{
   #TRANS 1930 {} 5000.00
   #TRANS 1910 {} -5000.00
}
#VER A 2057 20220319 46765548102 20191114
{
   #TRANS 1930 {} 5000.00
   #TRANS 1910 {} -5000.00
}
#VER A 2058 20220319 Bg 222-9698 20191114
{
   #TRANS 1930 {} 137000.00
   #TRANS 1910 {} -137000.00
}
#VER A 2059 20220319 9131823719 20191115
{
   #TRANS 1930 {} 142000.00
   #TRANS 1910 {} -142000.00
}
#VER A 2060 20220319 Santander consumer bank 20191115
{
   #TRANS 1930 {} -111151.00
   #TRANS 1799 {} 111151.00
}
#VER A 2061 20220319 13270100248 20191115
{
   #TRANS 1930 {} -30700.00
   #TRANS 1799 {} 30700.00
}
#VER A 2062 20220319 Nlo 102 20191115
{
   #TRANS 1930 {} 10000.00
   #TRANS 1910 {} -10000.00
}
#VER A 2063 20220319 Bg 222-9698 20191115
{
   #TRANS 1930 {} 110000.00
   #TRANS 1910 {} -110000.00
}
#VER A 2064 20220319 St1 alby    /19-11-14 20191115
{
   #TRANS 1930 {} -100.00
   #TRANS 1799 {} 100.00
}
#VER A 2065 20220319 Bilprovninge/19-11-15 20191118
{
   #TRANS 1930 {} -539.00
   #TRANS 1799 {} 539.00
}
#VER A 2066 20220319 Biltema swed/19-11-15 20191118
{
   #TRANS 1930 {} -726.80
   #TRANS 1799 {} 726.80
}
#VER A 2067 20220319 Bilia group /19-11-15 20191118
{
   #TRANS 1930 {} -2127.00
   #TRANS 1799 {} 2127.00
}
#VER A 2068 20220319 Carspect int/19-11-14 20191118
{
   #TRANS 1930 {} -569.00
   #TRANS 1799 {} 569.00
}
#VER A 2069 20220319 Svea ekonomi AB 20191118
{
   #TRANS 1930 {} -6694.00
   #TRANS 1799 {} 6694.00
}
#VER A 2070 20220319 Fordonsskatt transportst 20191118
{
   #TRANS 1930 {} -65.00
   #TRANS 1630 {} 65.00
}
#VER A 2071 20220319 SEB pension och försäkri 20191118
{
   #TRANS 1930 {} -18.00
   #TRANS 1799 {} 18.00
}
#VER A 2072 20220319 Göteborg energi din el a 20191118
{
   #TRANS 1930 {} -157.00
   #TRANS 1799 {} 157.00
}
#VER A 2073 20220319 Autoconcept insurance AB 20191118
{
   #TRANS 1930 {} -2830.00
   #TRANS 2893 {} 2830.00
}
#VER A 2074 20220319 Santander consumer bank 20191118
{
   #TRANS 1930 {} -183204.00
   #TRANS 1799 {} 183204.00
}
#VER A 2075 20220319 Bisnode sverige AB 20191118
{
   #TRANS 1930 {} -328.00
   #TRANS 1799 {} 328.00
}
#VER A 2076 20220319 Energikundservice sverig 20191118
{
   #TRANS 1930 {} -243.00
   #TRANS 1799 {} 243.00
}
#VER A 2077 20220319 Energikundservice sverig 20191118
{
   #TRANS 1930 {} -250.00
   #TRANS 1799 {} 250.00
}
#VER A 2078 20220319 Skx009 20191118
{
   #TRANS 1930 {} -5849.00
   #TRANS 1799 {} 5849.00
}
#VER A 2079 20220319 Nlo102 20191118
{
   #TRANS 1930 {} -49257.00
   #TRANS 1799 {} 49257.00
}
#VER A 2080 20220319 St1 alby    /19-11-16 20191118
{
   #TRANS 1930 {} -500.10
   #TRANS 1799 {} 500.10
}
#VER A 2081 20220319 Tele2 sverige AB 20191119
{
   #TRANS 1930 {} -569.00
   #TRANS 1799 {} 569.00
}
#VER A 2082 20220319 Bilköp 20191119
{
   #TRANS 1930 {} 50000.00
   #TRANS 1910 {} -50000.00
}
#VER A 2083 20220319 Bg 222-9698 20191119
{
   #TRANS 1930 {} 57000.00
   #TRANS 1910 {} -57000.00
}
#VER A 2084 20220319 Stjarnans bi/19-11-18 20191119
{
   #TRANS 1930 {} -2989.00
   #TRANS 1799 {} 2989.00
}
#VER A 2085 20220319 9946513661 20191120
{
   #TRANS 1930 {} 84800.00
   #TRANS 1910 {} -84800.00
}
#VER A 2086 20220319 Nlo102 20191120
{
   #TRANS 1930 {} 39960.00
   #TRANS 1910 {} -39960.00
}
#VER A 2087 20220319 Etraveli com/19-11-19 20191120
{
   #TRANS 1930 {} -1905.58
   #TRANS 1799 {} 1905.58
}
#VER A 2088 20220319 Ryds bilglas/19-11-19 20191120
{
   #TRANS 1930 {} -1500.00
   #TRANS 1799 {} 1500.00
}
#VER A 2089 20220319 Swedavia arn/19-11-21 20191122
{
   #TRANS 1930 {} -330.00
   #TRANS 1799 {} 330.00
}
#VER A 2090 20220319 46765938056 20191125
{
   #TRANS 1930 {} 1490.00
   #TRANS 1910 {} -1490.00
}
#VER A 2091 20220319 Capability g/19-11-21 20191125
{
   #TRANS 1930 {} -65.40
   #TRANS 1799 {} 65.40
}
#VER A 2092 20220319 Ingo soderte/19-11-22 20191125
{
   #TRANS 1930 {} -300.00
   #TRANS 1799 {} 300.00
}
#VER A 2093 20220319 H21409834606 20191125
{
   #TRANS 1930 {} 152000.00
   #TRANS 1910 {} -152000.00
}
#VER A 2094 20220319 Kostnad 20191125
{
   #TRANS 1930 {} -22.00
   #TRANS 1799 {} 22.00
}
#VER A 2095 20220319 Lxr335 20191126
{
   #TRANS 1930 {} -21774.00
   #TRANS 1799 {} 21774.00
}
#VER A 2096 20220319 Ikea-kungens/19-11-25 20191126
{
   #TRANS 1930 {} -3600.00
   #TRANS 1799 {} 3600.00
}
#VER A 2097 20220319 Dnb bank ASA filial sver 20191127
{
   #TRANS 1930 {} -88226.00
   #TRANS 1799 {} 88226.00
}
#VER A 2098 20220319 Bolagsverket/anmälan o r 20191127
{
   #TRANS 1930 {} -700.00
   #TRANS 1799 {} 700.00
}
#VER A 2099 20220319 Skatteverket 20191127
{
   #TRANS 1930 {} -74471.00
   #TRANS 1630 {} 74471.00
}
#VER A 2100 20220319 Nnx606 20191127
{
   #TRANS 1930 {} -45510.00
   #TRANS 1799 {} 45510.00
}
#VER A 2101 20220319 Nnx606 20191127
{
   #TRANS 1930 {} -1490.00
   #TRANS 1799 {} 1490.00
}
#VER A 2102 20220319 Bg 222-9698 20191127
{
   #TRANS 1930 {} 38000.00
   #TRANS 1910 {} -38000.00
}
#VER A 2103 20220319 Shell norsbo/19-11-26 20191127
{
   #TRANS 1930 {} -200.23
   #TRANS 1799 {} 200.23
}
#VER A 2104 20220319 Skx009 rep 20191128
{
   #TRANS 1930 {} -1890.00
   #TRANS 1799 {} 1890.00
}
#VER A 2105 20220319 Trängselskatt transports 20191129
{
   #TRANS 1930 {} -30.00
   #TRANS 1630 {} 30.00
}
#VER A 2106 20220319 Trängselskatt transports 20191129
{
   #TRANS 1930 {} -45.00
   #TRANS 1630 {} 45.00
}
#VER A 2107 20220319 Trängselskatt transports 20191129
{
   #TRANS 1930 {} -145.00
   #TRANS 1630 {} 145.00
}
#VER A 2108 20220319 Fordonsskatt transportst 20191129
{
   #TRANS 1930 {} -65.00
   #TRANS 1630 {} 65.00
}
#VER A 2109 20220319 Fordonsskatt transportst 20191129
{
   #TRANS 1930 {} -115.00
   #TRANS 1630 {} 115.00
}
#VER A 2110 20220319 Fordonsskatt transportst 20191129
{
   #TRANS 1930 {} -1726.00
   #TRANS 1630 {} 1726.00
}
#VER A 2111 20220319 Felparkeringsavgift tran 20191129
{
   #TRANS 1930 {} -700.00
   #TRANS 1799 {} 700.00
}
#VER A 2112 20220319 Banktjänster 20191129
{
   #TRANS 1930 {} -170.50
   #TRANS 6570 {} 170.50
}
#VER A 2113 20220319 46765548102 20191129
{
   #TRANS 1930 {} 98800.00
   #TRANS 1910 {} -98800.00
}
#VER A 2114 20220319 46702120397 20191202
{
   #TRANS 1930 {} 94800.00
   #TRANS 1910 {} -94800.00
}
#VER A 2115 20220319 46707355103 20191202
{
   #TRANS 1930 {} 1490.00
   #TRANS 1910 {} -1490.00
}
#VER A 2116 20220319 Ingo soderte/19-11-29 20191202
{
   #TRANS 1930 {} -299.95
   #TRANS 1799 {} 299.95
}
#VER A 2117 20220319 Biltema swed/19-11-29 20191202
{
   #TRANS 1930 {} -199.80
   #TRANS 1799 {} 199.80
}
#VER A 2118 20220319 St1 alby    /19-11-29 20191202
{
   #TRANS 1930 {} -100.26
   #TRANS 1799 {} 100.26
}
#VER A 2119 20220319 53640166280 20191202
{
   #TRANS 1930 {} -100000.00
   #TRANS 1799 {} 100000.00
}
#VER A 2120 20220319 If skadeförs 20191202
{
   #TRANS 1930 {} -1751.00
   #TRANS 1799 {} 1751.00
}
#VER A 2121 20220319 Yokab AB 20191202
{
   #TRANS 1930 {} -9500.00
   #TRANS 1799 {} 9500.00
}
#VER A 2122 20220319 Carcenter group i stockh 20191202
{
   #TRANS 1930 {} -1875.00
   #TRANS 1799 {} 1875.00
}
#VER A 2123 20220319 Carcenter group i stockh 20191202
{
   #TRANS 1930 {} -3750.00
   #TRANS 1799 {} 3750.00
}
#VER A 2124 20220319 Carcenter group i stockh 20191202
{
   #TRANS 1930 {} -4625.00
   #TRANS 1799 {} 4625.00
}
#VER A 2125 20220319 SEB pension och försäkri 20191202
{
   #TRANS 1930 {} -18.00
   #TRANS 1799 {} 18.00
}
#VER A 2126 20220319 Autoconcept insurance AB 20191202
{
   #TRANS 1930 {} -5860.00
   #TRANS 2893 {} 5860.00
}
#VER A 2127 20220319 Tele2 sverige AB 20191202
{
   #TRANS 1930 {} -658.00
   #TRANS 1799 {} 658.00
}
#VER A 2128 20220319 Ingo fittja /19-12-01 20191202
{
   #TRANS 1930 {} -101.70
   #TRANS 1799 {} 101.70
}
#VER A 2129 20220319 Ingo soderte/19-11-30 20191202
{
   #TRANS 1930 {} -914.04
   #TRANS 1799 {} 914.04
}
#VER A 2130 20220319 Hotelscom921/19-11-30 20191202
{
   #TRANS 1930 {} -798.01
   #TRANS 1799 {} 798.01
}
#VER A 2131 20220319 Energikundservice sverig 20191203
{
   #TRANS 1930 {} -292.00
   #TRANS 1799 {} 292.00
}
#VER A 2132 20220319 Bisnode sverige AB 20191203
{
   #TRANS 1930 {} -322.00
   #TRANS 1799 {} 322.00
}
#VER A 2133 20220319 Okq8        /19-12-01 20191203
{
   #TRANS 1930 {} -200.24
   #TRANS 1799 {} 200.24
}
#VER A 2134 20220319 St1 alby    /19-12-02 20191203
{
   #TRANS 1930 {} -500.06
   #TRANS 1799 {} 500.06
}
#VER A 2135 20220319 Rusta borkyr/19-12-02 20191203
{
   #TRANS 1930 {} -685.20
   #TRANS 1799 {} 685.20
}
#VER A 2136 20220319 Bauhaus botk/19-12-03 20191204
{
   #TRANS 1930 {} -713.95
   #TRANS 1799 {} 713.95
}
#VER A 2137 20220319 Biltema swed/19-12-03 20191204
{
   #TRANS 1930 {} -237.60
   #TRANS 1799 {} 237.60
}
#VER A 2138 20220319 Gluehome com/19-12-03 20191204
{
   #TRANS 1930 {} -1490.00
   #TRANS 1799 {} 1490.00
}
#VER A 2139 20220319 Bg 222-9698 20191205
{
   #TRANS 1930 {} 199840.00
   #TRANS 1910 {} -199840.00
}
#VER A 2140 20220319 Yar184 20191205
{
   #TRANS 1930 {} -33514.00
   #TRANS 1799 {} 33514.00
}
#VER A 2141 20220319 Volkswagen finans sverig 20191206
{
   #TRANS 1930 {} -46486.00
   #TRANS 1799 {} 46486.00
}
#VER A 2142 20220319 Ikea-kungens/19-12-05 20191206
{
   #TRANS 1930 {} -5848.00
   #TRANS 1799 {} 5848.00
}
#VER A 2143 20220319 Ingo soderte/19-12-05 20191206
{
   #TRANS 1930 {} -500.23
   #TRANS 1799 {} 500.23
}
#VER A 2144 20220319 Elgiganten s/19-12-05 20191206
{
   #TRANS 1930 {} -10878.00
   #TRANS 1799 {} 10878.00
}
#VER A 2145 20220319 Bauhaus botk/19-12-06 20191209
{
   #TRANS 1930 {} -1271.75
   #TRANS 1799 {} 1271.75
}
#VER A 2146 20220319 Jysk soderta/19-12-07 20191209
{
   #TRANS 1930 {} -590.00
   #TRANS 1799 {} 590.00
}
#VER A 2147 20220319 Bauhaus botk/19-12-08 20191209
{
   #TRANS 1930 {} -12.95
   #TRANS 1799 {} 12.95
}
#VER A 2148 20220319 St1 tumba   /19-12-09 20191210
{
   #TRANS 1930 {} -300.28
   #TRANS 1799 {} 300.28
}
#VER A 2149 20220319 Talje skolma/19-12-09 20191211
{
   #TRANS 1930 {} -100.00
   #TRANS 1799 {} 100.00
}
#VER A 2150 20220319 46735147495 20191212
{
   #TRANS 1930 {} 1490.00
   #TRANS 1910 {} -1490.00
}
#VER A 2151 20220319 46720293255 20191212
{
   #TRANS 1930 {} 1490.00
   #TRANS 1910 {} -1490.00
}
#VER A 2152 20220319 46708838313 20191213
{
   #TRANS 1930 {} 10000.00
   #TRANS 1910 {} -10000.00
}
#VER A 2153 20220319 46768370550 20191216
{
   #TRANS 1930 {} 1490.00
   #TRANS 1910 {} -1490.00
}
#VER A 2154 20220319 Lbp310 20191216
{
   #TRANS 1930 {} -415000.00
   #TRANS 1799 {} 415000.00
}
#VER A 2155 20220319 Ghassan harb 20191216
{
   #TRANS 1930 {} -1259.04
   #TRANS 1799 {} 1259.04
}
#VER A 2156 20220319 Rusta barkar/19-12-14 20191216
{
   #TRANS 1930 {} -1781.20
   #TRANS 1799 {} 1781.20
}
#VER A 2157 20220319 Mha299 20191217
{
   #TRANS 1930 {} 250000.00
   #TRANS 1910 {} -250000.00
}
#VER A 2158 20220319 293512387322 20191217
{
   #TRANS 1930 {} -370000.00
   #TRANS 1799 {} 370000.00
}
#VER A 2159 20220319 Kostnad 20191217
{
   #TRANS 1930 {} -35.00
   #TRANS 1799 {} 35.00
}
#VER A 2160 20220319 Ikea barkarb/19-12-14 20191217
{
   #TRANS 1930 {} -3387.00
   #TRANS 1799 {} 3387.00
}
#VER A 2161 20220319 Skruvat     /19-12-15 20191217
{
   #TRANS 1930 {} -783.75
   #TRANS 1799 {} 783.75
}
#VER A 2162 20220319 Okq8        /19-12-13 20191217
{
   #TRANS 1930 {} -200.47
   #TRANS 1799 {} 200.47
}
#VER A 2163 20220319 Norwegian co/19-12-14 20191217
{
   #TRANS 1930 {} -1646.00
   #TRANS 1799 {} 1646.00
}
#VER A 2164 20220319 Ikea-kungens/19-12-17 20191218
{
   #TRANS 1930 {} -5933.00
   #TRANS 1799 {} 5933.00
}
#VER A 2165 20220319 Ikea-kungens/19-12-17 20191218
{
   #TRANS 1930 {} -3118.00
   #TRANS 1799 {} 3118.00
}
#VER A 2166 20220319 Ikea-kungens/19-12-17 20191218
{
   #TRANS 1930 {} 69.00
   #TRANS 1910 {} -69.00
}
#VER A 2167 20220319 Biltema swed/19-12-17 20191218
{
   #TRANS 1930 {} -119.80
   #TRANS 1799 {} 119.80
}
#VER A 2168 20220319 Biltema swed/19-12-17 20191218
{
   #TRANS 1930 {} -59.90
   #TRANS 1799 {} 59.90
}
#VER A 2169 20220319 Paypal  ebay/19-12-17 20191218
{
   #TRANS 1930 {} -151.99
   #TRANS 1799 {} 151.99
}
#VER A 2170 20220319 Aimo park sweden AB 20191219
{
   #TRANS 1930 {} -900.00
   #TRANS 1799 {} 900.00
}
#VER A 2171 20220319 Svea ekonomi AB 20191219
{
   #TRANS 1930 {} -6300.00
   #TRANS 1799 {} 6300.00
}
#VER A 2172 20220319 Saluvagnsskatt transport 20191219
{
   #TRANS 1930 {} -780.00
   #TRANS 1630 {} 780.00
}
#VER A 2173 20220319 Fordonsskatt transportst 20191219
{
   #TRANS 1930 {} -2005.00
   #TRANS 1630 {} 2005.00
}
#VER A 2174 20220319 Parkman i sverige AB 20191219
{
   #TRANS 1930 {} -430.00
   #TRANS 1799 {} 430.00
}
#VER A 2175 20220319 Energikundservice sverig 20191219
{
   #TRANS 1930 {} -373.00
   #TRANS 1799 {} 373.00
}
#VER A 2176 20220319 Göteborg energi din el a 20191219
{
   #TRANS 1930 {} -172.00
   #TRANS 1799 {} 172.00
}
#VER A 2177 20220319 Autoconcept insurance AB 20191219
{
   #TRANS 1930 {} -5195.00
   #TRANS 2893 {} 5195.00
}
#VER A 2178 20220319 Visma financial solution 20191219
{
   #TRANS 1930 {} -441.00
   #TRANS 1799 {} 441.00
}
#VER A 2179 20220319 Tele2 sverige AB 20191219
{
   #TRANS 1930 {} -758.00
   #TRANS 1799 {} 758.00
}
#VER A 2180 20220319 Bilprovninge/19-12-18 20191219
{
   #TRANS 1930 {} -539.00
   #TRANS 1799 {} 539.00
}
#VER A 2181 20220319 St1 alby    /19-12-18 20191219
{
   #TRANS 1930 {} -200.59
   #TRANS 1799 {} 200.59
}
#VER A 2182 20220319 St1 alby    /19-12-18 20191219
{
   #TRANS 1930 {} -300.08
   #TRANS 1799 {} 300.08
}
#VER A 2183 20220319 H19411760028 20191220
{
   #TRANS 1930 {} 205000.00
   #TRANS 1910 {} -205000.00
}
#VER A 2184 20220319 Kostnad 20191220
{
   #TRANS 1930 {} -22.00
   #TRANS 1799 {} 22.00
}
#VER A 2185 20220319 Eyo798 20191220
{
   #TRANS 1930 {} -170000.00
   #TRANS 1799 {} 170000.00
}
#VER A 2186 20220319 Stjarnans bi/19-12-19 20191220
{
   #TRANS 1930 {} -500.00
   #TRANS 1799 {} 500.00
}
#VER A 2187 20220319 Bg 222-9698 20191223
{
   #TRANS 1930 {} 424600.00
   #TRANS 1910 {} -424600.00
}
#VER A 2188 20220319 46739688658 20191223
{
   #TRANS 1930 {} 1490.00
   #TRANS 1910 {} -1490.00
}
#VER A 2189 20220319 Aam126 20191223
{
   #TRANS 1930 {} -25000.00
   #TRANS 1799 {} 25000.00
}
#VER A 2190 20220319 Ingo uppland/19-12-21 20191223
{
   #TRANS 1930 {} -1066.84
   #TRANS 1799 {} 1066.84
}
#VER A 2191 20220319 Elgiganten s/19-12-21 20191223
{
   #TRANS 1930 {} -998.00
   #TRANS 1799 {} 998.00
}
#VER A 2192 20220319 Elgiganten s/19-12-21 20191223
{
   #TRANS 1930 {} 1990.00
   #TRANS 1910 {} -1990.00
}
#VER A 2193 20220319 Elgiganten  /19-12-23 20191227
{
   #TRANS 1930 {} -4338.00
   #TRANS 1799 {} 4338.00
}
#VER A 2194 20220319 Preem       /19-12-22 20191227
{
   #TRANS 1930 {} -980.87
   #TRANS 1799 {} 980.87
}
#VER A 2195 20220319 St1 alby    /19-12-25 20191227
{
   #TRANS 1930 {} -1019.82
   #TRANS 1799 {} 1019.82
}
#VER A 2196 20220319 Tele2 sverige AB att: ku 20191227
{
   #TRANS 1930 {} -980.00
   #TRANS 1799 {} 980.00
}
#VER A 2197 20220319 Lön j novemb 20191227
{
   #TRANS 1930 {} -8152.00
   #TRANS 1613 {} 8152.00
}
#VER A 2198 20220319 Lön december 20191227
{
   #TRANS 1930 {} -17279.00
   #TRANS 1613 {} 17279.00
}
#VER A 2199 20220319 Bg 222-9698 20191227
{
   #TRANS 1930 {} 264000.00
   #TRANS 1910 {} -264000.00
}
#VER A 2200 20220319 Bauhaus lenn/19-12-26 20191227
{
   #TRANS 1930 {} -146.74
   #TRANS 1799 {} 146.74
}
#VER A 2201 20220319 Bauhaus lenn/19-12-26 20191227
{
   #TRANS 1930 {} -53.82
   #TRANS 1799 {} 53.82
}
#VER A 2202 20220319 Netonnet han/19-12-26 20191227
{
   #TRANS 1930 {} -2389.00
   #TRANS 1799 {} 2389.00
}
#VER A 2203 20220319 Hotelscom921/19-12-26 20191227
{
   #TRANS 1930 {} -2453.45
   #TRANS 1799 {} 2453.45
}
#VER A 2204 20220319 7203722318  /19-12-26 20191227
{
   #TRANS 1930 {} -289.88
   #TRANS 1799 {} 289.88
}
#VER A 2205 20220319 Rusta borkyr/19-12-27 20191230
{
   #TRANS 1930 {} -87.70
   #TRANS 1799 {} 87.70
}
#VER A 2206 20220319 Biltema swed/19-12-27 20191230
{
   #TRANS 1930 {} -648.00
   #TRANS 1799 {} 648.00
}
#VER A 2207 20220319 Ränta 20191230
{
   #TRANS 1930 {} -1286.44
   #TRANS 1799 {} 1286.44
}
#VER A 2208 20220319 Selecta swed/19-12-31 20200102
{
   #TRANS 1930 {} -39.00
   #TRANS 1799 {} 39.00
}
#VER A 2209 20220319 Skatteverket 20200102
{
   #TRANS 1930 {} -20000.00
   #TRANS 1630 {} 20000.00
}
#VER A 2210 20220319 Kreditavgift 20200102
{
   #TRANS 1930 {} -10000.00
   #TRANS 1799 {} 10000.00
}
#VER A 2211 20220319 If skadeförs 20200102
{
   #TRANS 1930 {} -1751.00
   #TRANS 1799 {} 1751.00
}
#VER A 2212 20220319 13270100248 20200102
{
   #TRANS 1930 {} -30700.00
   #TRANS 1799 {} 30700.00
}
#VER A 2213 20220319 Bg 222-9698 20200102
{
   #TRANS 1930 {} 38715.00
   #TRANS 1910 {} -38715.00
}
#VER A 2214 20220319 Banktjänster 20200102
{
   #TRANS 1930 {} -175.50
   #TRANS 6570 {} 175.50
}
#VER A 2215 20220319 46720498146 20200102
{
   #TRANS 1930 {} 1490.00
   #TRANS 1910 {} -1490.00
}
#VER A 2216 20220319 Biltema swed/20-01-02 20200103
{
   #TRANS 1930 {} -59.90
   #TRANS 1799 {} 59.90
}
#VER A 2217 20220319 46763117097 20200107
{
   #TRANS 1930 {} 1490.00
   #TRANS 1910 {} -1490.00
}
#VER A 2218 20220319 Gulf biskops/20-01-03 20200107
{
   #TRANS 1930 {} -1012.09
   #TRANS 1799 {} 1012.09
}
#VER A 2219 20220319 Ingo morokul/20-01-03 20200107
{
   #TRANS 1930 {} -489.77
   #TRANS 1799 {} 489.77
}
#VER A 2220 20220319 Oslo        /20-01-04 20200107
{
   #TRANS 1930 {} -39.31
   #TRANS 1799 {} 39.31
}
#VER A 2221 20220319 Oslo        /20-01-04 20200107
{
   #TRANS 1930 {} -76.44
   #TRANS 1799 {} 76.44
}
#VER A 2222 20220319 Oslo        /20-01-03 20200107
{
   #TRANS 1930 {} -43.69
   #TRANS 1799 {} 43.69
}
#VER A 2223 20220319 Bg 222-9698 20200107
{
   #TRANS 1930 {} 20246.00
   #TRANS 1910 {} -20246.00
}
#VER A 2224 20220319 Trängselskatt transports 20200108
{
   #TRANS 1930 {} -22.00
   #TRANS 1630 {} 22.00
}
#VER A 2225 20220319 Trängselskatt transports 20200108
{
   #TRANS 1930 {} -46.00
   #TRANS 1630 {} 46.00
}
#VER A 2226 20220319 Trängselskatt transports 20200108
{
   #TRANS 1930 {} -66.00
   #TRANS 1630 {} 66.00
}
#VER A 2227 20220319 Trängselskatt transports 20200108
{
   #TRANS 1930 {} -74.00
   #TRANS 1630 {} 74.00
}
#VER A 2228 20220319 Trängselskatt transports 20200108
{
   #TRANS 1930 {} -182.00
   #TRANS 1630 {} 182.00
}
#VER A 2229 20220319 Trängselskatt transports 20200108
{
   #TRANS 1930 {} -186.00
   #TRANS 1630 {} 186.00
}
#VER A 2230 20220319 Parkman i sverige AB 20200108
{
   #TRANS 1930 {} -255.00
   #TRANS 1799 {} 255.00
}
#VER A 2231 20220319 Yokab AB 20200108
{
   #TRANS 1930 {} -9500.00
   #TRANS 1799 {} 9500.00
}
#VER A 2232 20220319 Fordonsskatt transportst 20200108
{
   #TRANS 1930 {} -65.00
   #TRANS 1630 {} 65.00
}
#VER A 2233 20220319 Fordonsskatt transportst 20200108
{
   #TRANS 1930 {} -65.00
   #TRANS 1630 {} 65.00
}
#VER A 2234 20220319 Felparkeringsavgift tran 20200108
{
   #TRANS 1930 {} -450.00
   #TRANS 1799 {} 450.00
}
#VER A 2235 20220319 Tele2 sverige AB 20200108
{
   #TRANS 1930 {} -980.00
   #TRANS 1799 {} 980.00
}
#VER A 2236 20220319 Lzh597 20200108
{
   #TRANS 1930 {} -27278.00
   #TRANS 1799 {} 27278.00
}
#VER A 2237 20220319 Nnu477 20200108
{
   #TRANS 1930 {} -64000.00
   #TRANS 1799 {} 64000.00
}
#VER A 2238 20220319 Preem       /20-01-06 20200108
{
   #TRANS 1930 {} -1059.46
   #TRANS 1799 {} 1059.46
}
#VER A 2239 20220319 Volvofinans bank AB 20200109
{
   #TRANS 1930 {} -107722.00
   #TRANS 1799 {} 107722.00
}
#VER A 2240 20220319 Alby macken /20-01-08 20200109
{
   #TRANS 1930 {} -130.00
   #TRANS 1799 {} 130.00
}
#VER A 2241 20220319 Bilprovninge/20-01-08 20200109
{
   #TRANS 1930 {} -439.00
   #TRANS 1799 {} 439.00
}
#VER A 2242 20220319 Stjarnans bi/20-01-08 20200109
{
   #TRANS 1930 {} -300.00
   #TRANS 1799 {} 300.00
}
#VER A 2243 20220319 Maxi ica sto/20-01-09 20200110
{
   #TRANS 1930 {} -90.00
   #TRANS 1799 {} 90.00
}
#VER A 2244 20220319 Oob sodertal/20-01-10 20200113
{
   #TRANS 1930 {} -55.00
   #TRANS 1799 {} 55.00
}
#VER A 2245 20220319 Biltema mora/20-01-10 20200113
{
   #TRANS 1930 {} -69.90
   #TRANS 1799 {} 69.90
}
#VER A 2246 20220319 Biltema swed/20-01-10 20200113
{
   #TRANS 1930 {} -131.60
   #TRANS 1799 {} 131.60
}
#VER A 2247 20220319 46728358693 20200113
{
   #TRANS 1930 {} 1490.00
   #TRANS 1910 {} -1490.00
}
#VER A 2248 20220319 46737206312 20200113
{
   #TRANS 1930 {} 1490.00
   #TRANS 1910 {} -1490.00
}
#VER A 2249 20220319 46730468045 20200113
{
   #TRANS 1930 {} 10000.00
   #TRANS 1910 {} -10000.00
}
#VER A 2250 20220319 Liera consulting AB 20200114
{
   #TRANS 1930 {} -37500.00
   #TRANS 1799 {} 37500.00
}
#VER A 2251 20220319 Kostnad 20200114
{
   #TRANS 1930 {} -22.00
   #TRANS 1799 {} 22.00
}
#VER A 2252 20220319 H10412896548 20200114
{
   #TRANS 1930 {} 90000.00
   #TRANS 1910 {} -90000.00
}
#VER A 2253 20220319 Svea ekonomi AB 20200115
{
   #TRANS 1930 {} -3938.00
   #TRANS 1799 {} 3938.00
}
#VER A 2254 20220319 Autounique i stockholm a 20200115
{
   #TRANS 1930 {} -4994.00
   #TRANS 2893 {} 4994.00
}
#VER A 2255 20220319 Skatteverket 20200115
{
   #TRANS 1930 {} -625.00
   #TRANS 1630 {} 625.00
}
#VER A 2256 20220319 Fordonsskatt transportst 20200115
{
   #TRANS 1930 {} -65.00
   #TRANS 1630 {} 65.00
}
#VER A 2257 20220319 Fordonsskatt transportst 20200115
{
   #TRANS 1930 {} -65.00
   #TRANS 1630 {} 65.00
}
#VER A 2258 20220319 Fordonsskatt transportst 20200115
{
   #TRANS 1930 {} -65.00
   #TRANS 1630 {} 65.00
}
#VER A 2259 20220319 Felparkeringsavgift tran 20200115
{
   #TRANS 1930 {} -700.00
   #TRANS 1799 {} 700.00
}
#VER A 2260 20220319 Felparkeringsavgift tran 20200115
{
   #TRANS 1930 {} -1300.00
   #TRANS 1799 {} 1300.00
}
#VER A 2261 20220319 Energikundservice sverig 20200115
{
   #TRANS 1930 {} -200.00
   #TRANS 1799 {} 200.00
}
#VER A 2262 20220319 Göteborg energi din el a 20200115
{
   #TRANS 1930 {} -146.00
   #TRANS 1799 {} 146.00
}
#VER A 2263 20220319 Autoconcept insurance AB 20200115
{
   #TRANS 1930 {} -3127.00
   #TRANS 2893 {} 3127.00
}
#VER A 2264 20220319 Homerental nordic AB 20200115
{
   #TRANS 1930 {} -11600.00
   #TRANS 1799 {} 11600.00
}
#VER A 2265 20220319 Homerental nordic AB 20200115
{
   #TRANS 1930 {} -34800.00
   #TRANS 1799 {} 34800.00
}
#VER A 2266 20220319 Handels-& juristinkasso 20200115
{
   #TRANS 1930 {} -400.00
   #TRANS 1799 {} 400.00
}
#VER A 2267 20220319 Gothia inkasso 20200115
{
   #TRANS 1930 {} -1030.00
   #TRANS 1799 {} 1030.00
}
#VER A 2268 20220319 Svea inkasso AB 20200115
{
   #TRANS 1930 {} -1160.00
   #TRANS 1799 {} 1160.00
}
#VER A 2269 20220319 K-rauta /sod/20-01-14 20200115
{
   #TRANS 1930 {} -59.00
   #TRANS 1799 {} 59.00
}
#VER A 2270 20220319 Rusta borkyr/20-01-14 20200115
{
   #TRANS 1930 {} -242.20
   #TRANS 1799 {} 242.20
}
#VER A 2271 20220319 Biltema swed/20-01-14 20200115
{
   #TRANS 1930 {} -39.90
   #TRANS 1799 {} 39.90
}
#VER A 2272 20220319 Clas ohlson /20-01-14 20200115
{
   #TRANS 1930 {} -379.80
   #TRANS 1799 {} 379.80
}
#VER A 2273 20220319 St1 alby    /20-01-14 20200115
{
   #TRANS 1930 {} -700.41
   #TRANS 1799 {} 700.41
}
#VER A 2274 20220319 Trygg hansa försäkring f 20200116
{
   #TRANS 1930 {} -1647.00
   #TRANS 1799 {} 1647.00
}
#VER A 2275 20220319 H15413158611 20200116
{
   #TRANS 1930 {} 54500.00
   #TRANS 1910 {} -54500.00
}
#VER A 2276 20220319 Kostnad 20200116
{
   #TRANS 1930 {} -22.00
   #TRANS 1799 {} 22.00
}
#VER A 2277 20220319 9103195310 20200117
{
   #TRANS 1930 {} -2180.00
   #TRANS 1799 {} 2180.00
}
#VER A 2278 20220319 Jkf707 20200117
{
   #TRANS 1930 {} -183000.00
   #TRANS 1799 {} 183000.00
}
#VER A 2279 20220319 Bg 222-9698 20200120
{
   #TRANS 1930 {} 302600.00
   #TRANS 1910 {} -302600.00
}
#VER A 2280 20220319 Rusta kungen/20-01-19 20200120
{
   #TRANS 1930 {} -1295.00
   #TRANS 1799 {} 1295.00
}
#VER A 2281 20220319 Volvofinans bank AB 20200121
{
   #TRANS 1930 {} -80083.00
   #TRANS 1799 {} 80083.00
}
#VER A 2282 20220319 Rtd011 20200121
{
   #TRANS 1930 {} -9917.00
   #TRANS 1799 {} 9917.00
}
#VER A 2283 20220319 690160450040 20200121
{
   #TRANS 1930 {} -37656.00
   #TRANS 1799 {} 37656.00
}
#VER A 2284 20220319 Circle k kun/20-01-20 20200121
{
   #TRANS 1930 {} -500.99
   #TRANS 1799 {} 500.99
}
#VER A 2285 20220319 Volkswagen finans sverig 20200122
{
   #TRANS 1930 {} -49344.00
   #TRANS 1799 {} 49344.00
}
#VER A 2286 20220319 Santander consumer bank 20200122
{
   #TRANS 1930 {} -195514.00
   #TRANS 1799 {} 195514.00
}
#VER A 2287 20220319 Rautamo wheel fashion AB 20200122
{
   #TRANS 1930 {} -188.00
   #TRANS 1799 {} 188.00
}
#VER A 2288 20220319 Handels-& juristinkasso 20200122
{
   #TRANS 1930 {} -180.00
   #TRANS 1799 {} 180.00
}
#VER A 2289 20220319 Lcj442 20200122
{
   #TRANS 1930 {} -94510.00
   #TRANS 1799 {} 94510.00
}
#VER A 2290 20220319 Trafikförsäkringsförenin 20200122
{
   #TRANS 1930 {} -1600.00
   #TRANS 1799 {} 1600.00
}
#VER A 2291 20220319 Stjarnans bi/20-01-21 20200122
{
   #TRANS 1930 {} -3300.00
   #TRANS 1799 {} 3300.00
}
#VER A 2292 20220319 Deck-skotten/20-01-22 20200123
{
   #TRANS 1930 {} -750.00
   #TRANS 1799 {} 750.00
}
#VER A 2293 20220319 Parkster / billogram 20200124
{
   #TRANS 1930 {} -314.00
   #TRANS 1799 {} 314.00
}
#VER A 2294 20220319 Yokab AB 20200124
{
   #TRANS 1930 {} -9500.00
   #TRANS 1799 {} 9500.00
}
#VER A 2295 20220319 Autoconcept insurance AB 20200124
{
   #TRANS 1930 {} -4140.00
   #TRANS 2893 {} 4140.00
}
#VER A 2296 20220319 Bisnode sverige AB 20200124
{
   #TRANS 1930 {} -390.00
   #TRANS 1799 {} 390.00
}
#VER A 2297 20220319 8208018856 20200124
{
   #TRANS 1930 {} -17300.00
   #TRANS 1799 {} 17300.00
}
#VER A 2298 20220319 Stjarnans bi/20-01-23 20200124
{
   #TRANS 1930 {} -3000.00
   #TRANS 1799 {} 3000.00
}
#VER A 2299 20220319 Shell norsbo/20-01-23 20200124
{
   #TRANS 1930 {} -100.35
   #TRANS 1799 {} 100.35
}
#VER A 2300 20220319 46704353125 20200127
{
   #TRANS 1930 {} 5000.00
   #TRANS 1910 {} -5000.00
}
#VER A 2301 20220319 46705248436 20200127
{
   #TRANS 1930 {} 50000.00
   #TRANS 1910 {} -50000.00
}
#VER A 2302 20220319 Stjarnans bi/20-01-24 20200127
{
   #TRANS 1930 {} -2021.00
   #TRANS 1799 {} 2021.00
}
#VER A 2303 20220319 St1 alby    /20-01-24 20200127
{
   #TRANS 1930 {} -1050.99
   #TRANS 1799 {} 1050.99
}
#VER A 2304 20220319 46708374500 20200127
{
   #TRANS 1930 {} 1490.00
   #TRANS 1910 {} -1490.00
}
#VER A 2305 20220319 Trängselskatt transports 20200127
{
   #TRANS 1930 {} -11.00
   #TRANS 1630 {} 11.00
}
#VER A 2306 20220319 Trängselskatt transports 20200127
{
   #TRANS 1930 {} -30.00
   #TRANS 1630 {} 30.00
}
#VER A 2307 20220319 Trängselskatt transports 20200127
{
   #TRANS 1930 {} -165.00
   #TRANS 1630 {} 165.00
}
#VER A 2308 20220319 Trängselskatt transports 20200127
{
   #TRANS 1930 {} -543.00
   #TRANS 1630 {} 543.00
}
#VER A 2309 20220319 Trängselskatt transports 20200127
{
   #TRANS 1930 {} -616.00
   #TRANS 1630 {} 616.00
}
#VER A 2310 20220319 H23413645305 20200127
{
   #TRANS 1930 {} 126000.00
   #TRANS 1910 {} -126000.00
}
#VER A 2311 20220319 Kostnad 20200127
{
   #TRANS 1930 {} -22.00
   #TRANS 1799 {} 22.00
}
#VER A 2312 20220319 7203722318  /20-01-26 20200127
{
   #TRANS 1930 {} -293.90
   #TRANS 1799 {} 293.90
}
#VER A 2313 20220319 Filmstaden a/20-01-26 20200127
{
   #TRANS 1930 {} -310.00
   #TRANS 1799 {} 310.00
}
#VER A 2314 20220319 Luxembourg  /20-01-25 20200127
{
   #TRANS 1930 {} -1108.86
   #TRANS 1799 {} 1108.86
}
#VER A 2315 20220319 Luxembourg  /20-01-25 20200127
{
   #TRANS 1930 {} -1108.86
   #TRANS 1799 {} 1108.86
}
#VER A 2316 20220319 London      /20-01-25 20200127
{
   #TRANS 1930 {} -764.43
   #TRANS 1799 {} 764.43
}
#VER A 2317 20220319 Hgx269 20200128
{
   #TRANS 1930 {} -43815.00
   #TRANS 1799 {} 43815.00
}
#VER A 2318 20220319 Bg 222-9698 20200128
{
   #TRANS 1930 {} 71314.00
   #TRANS 1910 {} -71314.00
}
#VER A 2319 20220319 Carspect vår/20-01-27 20200128
{
   #TRANS 1930 {} -559.00
   #TRANS 1799 {} 559.00
}
#VER A 2320 20220319 Aliexpress c/20-01-25 20200128
{
   #TRANS 1930 {} -507.21
   #TRANS 1799 {} 507.21
}
#VER A 2321 20220319 Skatteverket 20200129
{
   #TRANS 1930 {} -2325.00
   #TRANS 1630 {} 2325.00
}
#VER A 2322 20220319 Santander consumer bank 20200129
{
   #TRANS 1930 {} -56155.00
   #TRANS 1799 {} 56155.00
}
#VER A 2323 20220319 Tele2 sverige AB 20200129
{
   #TRANS 1930 {} -2237.00
   #TRANS 1799 {} 2237.00
}
#VER A 2324 20220319 13270100248 20200129
{
   #TRANS 1930 {} -30700.00
   #TRANS 1799 {} 30700.00
}
#VER A 2325 20220319 Banktjänster 20200129
{
   #TRANS 1930 {} -157.50
   #TRANS 6570 {} 157.50
}
#VER A 2326 20220319 Skruvat     /20-01-27 20200129
{
   #TRANS 1930 {} -287.75
   #TRANS 1799 {} 287.75
}
#VER A 2327 20220319 Preem       /20-01-27 20200129
{
   #TRANS 1930 {} -100.38
   #TRANS 1799 {} 100.38
}
#VER A 2328 20220319 Autodoc     /20-01-28 20200129
{
   #TRANS 1930 {} -775.62
   #TRANS 2893 {} 775.62
}
#VER A 2329 20220319 Autodoc     /20-01-28 20200129
{
   #TRANS 1930 {} 775.62
   #TRANS 1910 {} -775.62
}
#VER A 2330 20220319 Carcenter group i stockh 20200130
{
   #TRANS 1930 {} -1875.00
   #TRANS 1799 {} 1875.00
}
#VER A 2331 20220319 Skatteverket 20200130
{
   #TRANS 1930 {} -40000.00
   #TRANS 1630 {} 40000.00
}
#VER A 2332 20220319 Nyc577 20200130
{
   #TRANS 1930 {} -170000.00
   #TRANS 1799 {} 170000.00
}
#VER A 2333 20220319 Bilprovninge/20-01-29 20200130
{
   #TRANS 1930 {} -539.00
   #TRANS 1799 {} 539.00
}
#VER A 2334 20220319 Sodertelje r/20-01-29 20200130
{
   #TRANS 1930 {} -270.00
   #TRANS 1799 {} 270.00
}
#VER A 2335 20220319 Www aliexpre/20-01-30 20200131
{
   #TRANS 1930 {} -853.65
   #TRANS 1799 {} 853.65
}
#VER A 2336 20220319 Autodoc     /20-01-30 20200131
{
   #TRANS 1930 {} -390.73
   #TRANS 2893 {} 390.73
}
#VER A 2337 20220319 Biltema swed/20-01-31 20200203
{
   #TRANS 1930 {} -146.70
   #TRANS 1799 {} 146.70
}
#VER A 2338 20220319 Maxi ica sto/20-01-31 20200203
{
   #TRANS 1930 {} -85.00
   #TRANS 1799 {} 85.00
}
#VER A 2339 20220319 If skadeförs 20200203
{
   #TRANS 1930 {} -1751.00
   #TRANS 1799 {} 1751.00
}
#VER A 2340 20220319 Bg 222-9698 20200203
{
   #TRANS 1930 {} 31560.00
   #TRANS 1910 {} -31560.00
}
#VER A 2341 20220319 Bg 222-9698 20200204
{
   #TRANS 1930 {} 148000.00
   #TRANS 1910 {} -148000.00
}
#VER A 2342 20220319 Bisnode sverige AB 20200205
{
   #TRANS 1930 {} -309.00
   #TRANS 1799 {} 309.00
}
#VER A 2343 20220319 613333183962 20200205
{
   #TRANS 1930 {} -12500.00
   #TRANS 1799 {} 12500.00
}
#VER A 2344 20220319 H03414320687 20200205
{
   #TRANS 1930 {} 135000.00
   #TRANS 1910 {} -135000.00
}
#VER A 2345 20220319 Kostnad 20200205
{
   #TRANS 1930 {} -22.00
   #TRANS 1799 {} 22.00
}
#VER A 2346 20220319 46761841911 20200205
{
   #TRANS 1930 {} 1490.00
   #TRANS 1910 {} -1490.00
}
#VER A 2347 20220319 Kandyz segel/20-02-04 20200205
{
   #TRANS 1930 {} -169.00
   #TRANS 1799 {} 169.00
}
#VER A 2348 20220319 Www aliexpre/20-02-04 20200205
{
   #TRANS 1930 {} -1074.54
   #TRANS 1799 {} 1074.54
}
#VER A 2349 20220319 46706207330 20200206
{
   #TRANS 1930 {} 5000.00
   #TRANS 1910 {} -5000.00
}
#VER A 2350 20220319 46706207330 20200206
{
   #TRANS 1930 {} 5000.00
   #TRANS 1910 {} -5000.00
}
#VER A 2351 20220319 Alby macken /20-02-05 20200206
{
   #TRANS 1930 {} -130.00
   #TRANS 1799 {} 130.00
}
#VER A 2352 20220319 Inet AB     /20-02-06 20200207
{
   #TRANS 1930 {} -1890.00
   #TRANS 1799 {} 1890.00
}
#VER A 2353 20220319 Carspect vår/20-02-06 20200207
{
   #TRANS 1930 {} -299.00
   #TRANS 1799 {} 299.00
}
#VER A 2354 20220319 St1 alby    /20-02-06 20200207
{
   #TRANS 1930 {} -300.12
   #TRANS 1799 {} 300.12
}
#VER A 2355 20220319 Ikea-kungens/20-02-06 20200207
{
   #TRANS 1930 {} -1587.00
   #TRANS 1799 {} 1587.00
}
#VER A 2356 20220319 Stjarnans bi/20-02-07 20200210
{
   #TRANS 1930 {} -1000.00
   #TRANS 1799 {} 1000.00
}
#VER A 2357 20220319 Stjarnans bi/20-02-07 20200210
{
   #TRANS 1930 {} -800.00
   #TRANS 1799 {} 800.00
}
#VER A 2358 20220319 Stjarnans bi/20-02-07 20200210
{
   #TRANS 1930 {} -1600.00
   #TRANS 1799 {} 1600.00
}
#VER A 2359 20220319 Stjarnans bi/20-02-07 20200210
{
   #TRANS 1930 {} -1508.00
   #TRANS 1799 {} 1508.00
}
#VER A 2360 20220319 Netflix com /20-02-07 20200210
{
   #TRANS 1930 {} -109.00
   #TRANS 1799 {} 109.00
}
#VER A 2361 20220319 Bg 222-9698 20200210
{
   #TRANS 1930 {} 126240.00
   #TRANS 1910 {} -126240.00
}
#VER A 2362 20220319 Circle k kun/20-02-10 20200211
{
   #TRANS 1930 {} -665.73
   #TRANS 1799 {} 665.73
}
#VER A 2363 20220319 St1 alby    /20-02-10 20200211
{
   #TRANS 1930 {} -100.05
   #TRANS 1799 {} 100.05
}
#VER A 2364 20220319 Elgiganten s/20-02-10 20200211
{
   #TRANS 1930 {} -8795.00
   #TRANS 1799 {} 8795.00
}
#VER A 2365 20220319 Santander consumer bank 20200213
{
   #TRANS 1930 {} -261730.00
   #TRANS 1799 {} 261730.00
}
#VER A 2366 20220319 Rusta borkyr/20-02-12 20200213
{
   #TRANS 1930 {} -39.90
   #TRANS 1799 {} 39.90
}
#VER A 2367 20220319 Shell upplan/20-02-02 20200213
{
   #TRANS 1930 {} -300.86
   #TRANS 1799 {} 300.86
}
#VER A 2368 20220319 St1 alby    /20-02-14 20200217
{
   #TRANS 1930 {} -57.60
   #TRANS 1799 {} 57.60
}
#VER A 2369 20220319 Castellum stockholm AB 20200217
{
   #TRANS 1930 {} -26400.00
   #TRANS 1799 {} 26400.00
}
#VER A 2370 20220319 Filmstaden a/20-02-15 20200217
{
   #TRANS 1930 {} -270.00
   #TRANS 1799 {} 270.00
}
#VER A 2371 20220319 Dnb bank ASA filial sver 20200218
{
   #TRANS 1930 {} -193480.75
   #TRANS 1799 {} 193480.75
}
#VER A 2372 20220319 Tele2 sverige AB att: ku 20200219
{
   #TRANS 1930 {} -873.00
   #TRANS 1799 {} 873.00
}
#VER A 2373 20220319 Tele2 sverige AB att: ku 20200219
{
   #TRANS 1930 {} -887.00
   #TRANS 1799 {} 887.00
}
#VER A 2374 20220319 Bg 222-9698 20200219
{
   #TRANS 1930 {} 258280.00
   #TRANS 1910 {} -258280.00
}
#VER A 2375 20220319 Rusta borkyr/20-02-18 20200219
{
   #TRANS 1930 {} -698.00
   #TRANS 1799 {} 698.00
}
#VER A 2376 20220319 Deck-skotten/20-02-18 20200219
{
   #TRANS 1930 {} -1000.00
   #TRANS 1799 {} 1000.00
}
#VER A 2377 20220319 53640166280 20200220
{
   #TRANS 1930 {} -20000.00
   #TRANS 1799 {} 20000.00
}
#VER A 2378 20220319 Maxi ica sto/20-02-19 20200220
{
   #TRANS 1930 {} -114.10
   #TRANS 1799 {} 114.10
}
#VER A 2379 20220319 Maxi ica sto/20-02-19 20200220
{
   #TRANS 1930 {} -705.25
   #TRANS 1799 {} 705.25
}
#VER A 2380 20220319 Autodoc     /20-02-19 20200220
{
   #TRANS 1930 {} -655.86
   #TRANS 2893 {} 655.86
}
#VER A 2381 20220319 3 (hi3g access AB) 20200221
{
   #TRANS 1930 {} -485.00
   #TRANS 1799 {} 485.00
}
#VER A 2382 20220319 3 (hi3g access AB) 20200221
{
   #TRANS 1930 {} -541.00
   #TRANS 1799 {} 541.00
}
#VER A 2383 20220319 Svea ekonomi AB 20200221
{
   #TRANS 1930 {} -7088.00
   #TRANS 1799 {} 7088.00
}
#VER A 2384 20220319 Parkster / billogram 20200221
{
   #TRANS 1930 {} -340.00
   #TRANS 1799 {} 340.00
}
#VER A 2385 20220319 Yokab AB 20200221
{
   #TRANS 1930 {} -9500.00
   #TRANS 1799 {} 9500.00
}
#VER A 2386 20220319 Fordonsskatt transportst 20200221
{
   #TRANS 1930 {} -160.00
   #TRANS 1630 {} 160.00
}
#VER A 2387 20220319 Energikundservice sverig 20200221
{
   #TRANS 1930 {} -359.00
   #TRANS 1799 {} 359.00
}
#VER A 2388 20220319 Göteborg energi din el a 20200221
{
   #TRANS 1930 {} -203.00
   #TRANS 1799 {} 203.00
}
#VER A 2389 20220319 One.com a/s 20200221
{
   #TRANS 1930 {} -608.75
   #TRANS 1799 {} 608.75
}
#VER A 2390 20220319 Bg 222-9698 20200221
{
   #TRANS 1930 {} 32000.00
   #TRANS 1910 {} -32000.00
}
#VER A 2391 20220319 Pressbyrån 4/20-02-20 20200221
{
   #TRANS 1930 {} -37.00
   #TRANS 1799 {} 37.00
}
#VER A 2392 20220319 Netonnet    /20-02-20 20200221
{
   #TRANS 1930 {} -8056.00
   #TRANS 1799 {} 8056.00
}
#VER A 2393 20220319 Parkering so/20-02-19 20200221
{
   #TRANS 1930 {} -4.00
   #TRANS 1799 {} 4.00
}
#VER A 2394 20220319 Jysk kungens/20-02-20 20200221
{
   #TRANS 1930 {} -650.00
   #TRANS 1799 {} 650.00
}
#VER A 2395 20220319 Alby macken /20-02-21 20200224
{
   #TRANS 1930 {} -103.00
   #TRANS 1799 {} 103.00
}
#VER A 2396 20220319 Alby macken /20-02-21 20200224
{
   #TRANS 1930 {} -12.00
   #TRANS 1799 {} 12.00
}
#VER A 2397 20220319 Edvard lenander 20200224
{
   #TRANS 1930 {} -1875.00
   #TRANS 1799 {} 1875.00
}
#VER A 2398 20220319 Ikea-kungens/20-02-23 20200224
{
   #TRANS 1930 {} -1680.00
   #TRANS 1799 {} 1680.00
}
#VER A 2399 20220319 Apotek hjart/20-02-22 20200224
{
   #TRANS 1930 {} -134.00
   #TRANS 1799 {} 134.00
}
#VER A 2400 20220319 Ica nara hor/20-02-22 20200224
{
   #TRANS 1930 {} -85.90
   #TRANS 1799 {} 85.90
}
#VER A 2401 20220319 St1 alby    /20-02-22 20200224
{
   #TRANS 1930 {} -500.05
   #TRANS 1799 {} 500.05
}
#VER A 2402 20220319 Voi technolo/20-02-23 20200224
{
   #TRANS 1930 {} -46.00
   #TRANS 1799 {} 46.00
}
#VER A 2403 20220319 Voi technolo/20-02-23 20200224
{
   #TRANS 1930 {} -37.00
   #TRANS 1799 {} 37.00
}
#VER A 2404 20220319 Rusta borkyr/20-02-22 20200224
{
   #TRANS 1930 {} -358.50
   #TRANS 1799 {} 358.50
}
#VER A 2405 20220319 Biltema swed/20-02-22 20200224
{
   #TRANS 1930 {} -99.80
   #TRANS 1799 {} 99.80
}
#VER A 2406 20220319 8208018856 20200225
{
   #TRANS 1930 {} -17300.00
   #TRANS 1799 {} 17300.00
}
#VER A 2407 20220319 Maxi ica sto/20-02-24 20200225
{
   #TRANS 1930 {} -746.45
   #TRANS 1799 {} 746.45
}
#VER A 2408 20220319 Felparkeringsavgift tran 20200226
{
   #TRANS 1930 {} -1100.00
   #TRANS 1799 {} 1100.00
}
#VER A 2409 20220319 Bostad för dig i stockho 20200227
{
   #TRANS 1930 {} -15625.00
   #TRANS 1799 {} 15625.00
}
#VER A 2410 20220319 Bussgods eko/20-02-26 20200227
{
   #TRANS 1930 {} -570.00
   #TRANS 1799 {} 570.00
}
#VER A 2411 20220319 St1 alby    /20-02-26 20200227
{
   #TRANS 1930 {} -200.06
   #TRANS 1799 {} 200.06
}
#VER A 2412 20220319 7203722318  /20-02-26 20200227
{
   #TRANS 1930 {} -299.34
   #TRANS 1799 {} 299.34
}
#VER A 2413 20220319 Move inn företagsbostäde 20200228
{
   #TRANS 1930 {} -23275.00
   #TRANS 1799 {} 23275.00
}
#VER A 2414 20220319 Stjarnans bi/20-02-28 20200302
{
   #TRANS 1930 {} -3000.00
   #TRANS 1799 {} 3000.00
}
#VER A 2415 20220319 Alby macken /20-02-27 20200302
{
   #TRANS 1930 {} -130.00
   #TRANS 1799 {} 130.00
}
#VER A 2416 20220319 If skadeförs 20200302
{
   #TRANS 1930 {} -1751.00
   #TRANS 1799 {} 1751.00
}
#VER A 2417 20220319 13270100248 20200302
{
   #TRANS 1930 {} -33200.00
   #TRANS 1799 {} 33200.00
}
#VER A 2418 20220319 Banktjänster 20200302
{
   #TRANS 1930 {} -178.00
   #TRANS 6570 {} 178.00
}
#VER A 2419 20220319 Klarna   mtr/20-03-01 20200302
{
   #TRANS 1930 {} -569.00
   #TRANS 1799 {} 569.00
}
#VER A 2420 20220319 Shell lindha/20-02-29 20200302
{
   #TRANS 1930 {} -200.34
   #TRANS 1799 {} 200.34
}
#VER A 2421 20220319 St1 alby    /20-03-02 20200303
{
   #TRANS 1930 {} -200.53
   #TRANS 1799 {} 200.53
}
#VER A 2422 20220319 Rusta borkyr/20-03-02 20200303
{
   #TRANS 1930 {} -2687.60
   #TRANS 1799 {} 2687.60
}
#VER A 2423 20220319 Maxi ica sto/20-03-02 20200304
{
   #TRANS 1930 {} -575.50
   #TRANS 1799 {} 575.50
}
#VER A 2424 20220319 Maxi ica sto/20-03-02 20200304
{
   #TRANS 1930 {} -198.50
   #TRANS 1799 {} 198.50
}
#VER A 2425 20220319 Ingo fittja /20-03-03 20200304
{
   #TRANS 1930 {} -300.11
   #TRANS 1799 {} 300.11
}
#VER A 2426 20220319 Stjarnans bi/20-03-04 20200305
{
   #TRANS 1930 {} -800.00
   #TRANS 1799 {} 800.00
}
#VER A 2427 20220319 St1 botkyrka/20-03-04 20200305
{
   #TRANS 1930 {} -100.56
   #TRANS 1799 {} 100.56
}
#VER A 2428 20220319 Payex sverige AB/rautamo 20200306
{
   #TRANS 1930 {} -248.00
   #TRANS 1799 {} 248.00
}
#VER A 2429 20220319 Svea ekonomi AB 20200306
{
   #TRANS 1930 {} -2756.00
   #TRANS 1799 {} 2756.00
}
#VER A 2430 20220319 Dhl express sweden AB 20200306
{
   #TRANS 1930 {} -189.50
   #TRANS 1799 {} 189.50
}
#VER A 2431 20220319 Bisnode sverige AB 20200306
{
   #TRANS 1930 {} -335.00
   #TRANS 1799 {} 335.00
}
#VER A 2432 20220319 Euro parking collection 20200306
{
   #TRANS 1930 {} -1246.87
   #TRANS 1799 {} 1246.87
}
#VER A 2433 20220319 Ikea-kungens/20-03-05 20200306
{
   #TRANS 1930 {} -15.00
   #TRANS 1799 {} 15.00
}
#VER A 2434 20220319 Ikea-kungens/20-03-05 20200306
{
   #TRANS 1930 {} -1213.00
   #TRANS 1799 {} 1213.00
}
#VER A 2435 20220319 Ikea-kungens/20-03-05 20200306
{
   #TRANS 1930 {} -1995.00
   #TRANS 1799 {} 1995.00
}
#VER A 2436 20220319 Netflix com /20-03-07 20200309
{
   #TRANS 1930 {} -109.00
   #TRANS 1799 {} 109.00
}
#VER A 2437 20220319 Ingo soderte/20-03-06 20200309
{
   #TRANS 1930 {} -100.13
   #TRANS 1799 {} 100.13
}
#VER A 2438 20220319 Opus bilprov/20-03-06 20200309
{
   #TRANS 1930 {} -495.00
   #TRANS 1799 {} 495.00
}
#VER A 2439 20220319 Bg 222-9698 20200309
{
   #TRANS 1930 {} 109000.00
   #TRANS 1910 {} -109000.00
}
#VER A 2440 20220319 Ingo fittja /20-03-07 20200309
{
   #TRANS 1930 {} -200.18
   #TRANS 1799 {} 200.18
}
#VER A 2441 20220319 Bauhaus brom/20-03-08 20200309
{
   #TRANS 1930 {} -1163.30
   #TRANS 1799 {} 1163.30
}
#VER A 2442 20220319 Bauhaus brom/20-03-08 20200309
{
   #TRANS 1930 {} -549.00
   #TRANS 1799 {} 549.00
}
#VER A 2443 20220319 Ecster 20200310
{
   #TRANS 1930 {} -28430.00
   #TRANS 1799 {} 28430.00
}
#VER A 2444 20220319 Göteborg energi din el a 20200310
{
   #TRANS 1930 {} -172.00
   #TRANS 1799 {} 172.00
}
#VER A 2445 20220319 Castellum stockholm AB 20200310
{
   #TRANS 1930 {} -11100.00
   #TRANS 1799 {} 11100.00
}
#VER A 2446 20220319 Lxa557 20200310
{
   #TRANS 1930 {} -55080.00
   #TRANS 1799 {} 55080.00
}
#VER A 2447 20220319 Maxi ica sto/20-03-09 20200310
{
   #TRANS 1930 {} -36.00
   #TRANS 1799 {} 36.00
}
#VER A 2448 20220319 Biltema swed/20-03-09 20200310
{
   #TRANS 1930 {} -119.00
   #TRANS 1799 {} 119.00
}
#VER A 2449 20220319 Coop rådhuse/20-03-08 20200310
{
   #TRANS 1930 {} -48.00
   #TRANS 1799 {} 48.00
}
#VER A 2450 20220319 Inlämningavg 20200311
{
   #TRANS 1930 {} -1490.00
   #TRANS 1799 {} 1490.00
}
#VER A 2451 20220319 Bauhaus botk/20-03-10 20200312
{
   #TRANS 1930 {} -402.95
   #TRANS 1799 {} 402.95
}
#VER A 2452 20220319 Bauhaus botk/20-03-11 20200312
{
   #TRANS 1930 {} 799.00
   #TRANS 1910 {} -799.00
}
#VER A 2453 20220319 Shell lindha/20-03-10 20200312
{
   #TRANS 1930 {} -107.00
   #TRANS 1799 {} 107.00
}
#VER A 2454 20220319 46720235152 20200312
{
   #TRANS 1930 {} 1500.00
   #TRANS 1910 {} -1500.00
}
#VER A 2455 20220319 53640166280 20200313
{
   #TRANS 1930 {} -20000.00
   #TRANS 1799 {} 20000.00
}
#VER A 2456 20220319 Rusta borkyr/20-03-10 20200313
{
   #TRANS 1930 {} -2452.60
   #TRANS 1799 {} 2452.60
}
#VER A 2457 20220319 St1 alby    /20-03-12 20200313
{
   #TRANS 1930 {} -100.17
   #TRANS 1799 {} 100.17
}
#VER A 2458 20220319 St1 alby    /20-03-12 20200313
{
   #TRANS 1930 {} -200.05
   #TRANS 1799 {} 200.05
}
#VER A 2459 20220319 Petit france/20-03-13 20200316
{
   #TRANS 1930 {} -72.00
   #TRANS 1799 {} 72.00
}
#VER A 2460 20220319 Bauhaus brom/20-03-13 20200316
{
   #TRANS 1930 {} -799.00
   #TRANS 1799 {} 799.00
}
#VER A 2461 20220319 52100218131 20200316
{
   #TRANS 1930 {} -5900.00
   #TRANS 1799 {} 5900.00
}
#VER A 2462 20220319 St1 alby    /20-03-14 20200316
{
   #TRANS 1930 {} -100.08
   #TRANS 1799 {} 100.08
}
#VER A 2463 20220319 St1 alby    /20-03-15 20200316
{
   #TRANS 1930 {} -200.03
   #TRANS 1799 {} 200.03
}
#VER A 2464 20220319 Maxi ica sto/20-03-14 20200316
{
   #TRANS 1930 {} -152.35
   #TRANS 1799 {} 152.35
}
#VER A 2465 20220319 Circle k kun/20-03-14 20200316
{
   #TRANS 1930 {} -400.45
   #TRANS 1799 {} 400.45
}
#VER A 2466 20220319 Blocket bost/20-03-16 20200317
{
   #TRANS 1930 {} -125.00
   #TRANS 1799 {} 125.00
}
#VER A 2467 20220319 Blocket bost/20-03-16 20200317
{
   #TRANS 1930 {} -125.00
   #TRANS 1799 {} 125.00
}
#VER A 2468 20220319 Netflix com /20-03-17 20200318
{
   #TRANS 1930 {} -109.00
   #TRANS 1799 {} 109.00
}
#VER A 2469 20220319 Blocket bost/20-03-17 20200318
{
   #TRANS 1930 {} -125.00
   #TRANS 1799 {} 125.00
}
#VER A 2470 20220319 St1 alby    /20-03-18 20200319
{
   #TRANS 1930 {} -200.08
   #TRANS 1799 {} 200.08
}
#VER A 2471 20220319 Tyz 504 såld 20200320
{
   #TRANS 1930 {} 1490.00
   #TRANS 1910 {} -1490.00
}
#VER A 2472 20220319 Stjarnans bi/20-03-19 20200320
{
   #TRANS 1930 {} -250.00
   #TRANS 1799 {} 250.00
}
#VER A 2473 20220319 46735313313 20200323
{
   #TRANS 1930 {} 1490.00
   #TRANS 1910 {} -1490.00
}
#VER A 2474 20220319 300833196877 20200323
{
   #TRANS 1930 {} -1500.00
   #TRANS 1799 {} 1500.00
}
#VER A 2475 20220319 Kostnad 20200323
{
   #TRANS 1930 {} -2.00
   #TRANS 1799 {} 2.00
}
#VER A 2476 20220319 Circle k kun/20-03-22 20200323
{
   #TRANS 1930 {} -200.50
   #TRANS 1799 {} 200.50
}
#VER A 2477 20220319 Autoconcept insurance AB 20200324
{
   #TRANS 1930 {} -2255.00
   #TRANS 2893 {} 2255.00
}
#VER A 2478 20220319 Pps645 20200325
{
   #TRANS 1930 {} -80000.00
   #TRANS 1799 {} 80000.00
}
#VER A 2479 20220319 Circle k sto/20-03-24 20200325
{
   #TRANS 1930 {} -100.23
   #TRANS 1799 {} 100.23
}
#VER A 2480 20220319 Stjarnans bi/20-03-24 20200325
{
   #TRANS 1930 {} -800.00
   #TRANS 1799 {} 800.00
}
#VER A 2481 20220319 Biltema swed/20-03-24 20200325
{
   #TRANS 1930 {} -339.00
   #TRANS 1799 {} 339.00
}
#VER A 2482 20220319 St1 alby    /20-03-24 20200325
{
   #TRANS 1930 {} -100.04
   #TRANS 1799 {} 100.04
}
#VER A 2483 20220319 46729915011 20200326
{
   #TRANS 1930 {} 1490.00
   #TRANS 1910 {} -1490.00
}
#VER A 2484 20220319 Bg 222-9698 20200327
{
   #TRANS 1930 {} 85800.00
   #TRANS 1910 {} -85800.00
}
#VER A 2485 20220319 St1 alby    /20-03-26 20200327
{
   #TRANS 1930 {} -200.22
   #TRANS 1799 {} 200.22
}
#VER A 2486 20220319 Biltema swed/20-03-27 20200330
{
   #TRANS 1930 {} -119.80
   #TRANS 1799 {} 119.80
}
#VER A 2487 20220319 Parkster / billogram 20200330
{
   #TRANS 1930 {} -380.00
   #TRANS 1799 {} 380.00
}
#VER A 2488 20220319 Yokab AB 20200330
{
   #TRANS 1930 {} -9500.00
   #TRANS 1799 {} 9500.00
}
#VER A 2489 20220319 Fordonsskatt transportst 20200330
{
   #TRANS 1930 {} -65.00
   #TRANS 1630 {} 65.00
}
#VER A 2490 20220319 Fordonsskatt transportst 20200330
{
   #TRANS 1930 {} -115.00
   #TRANS 1630 {} 115.00
}
#VER A 2491 20220319 Fordonsskatt transportst 20200330
{
   #TRANS 1930 {} -115.00
   #TRANS 1630 {} 115.00
}
#VER A 2492 20220319 Fordonsskatt transportst 20200330
{
   #TRANS 1930 {} -227.00
   #TRANS 1630 {} 227.00
}
#VER A 2493 20220319 Fordonsskatt transportst 20200330
{
   #TRANS 1930 {} -349.00
   #TRANS 1630 {} 349.00
}
#VER A 2494 20220319 Fordonsskatt transportst 20200330
{
   #TRANS 1930 {} -753.00
   #TRANS 1630 {} 753.00
}
#VER A 2495 20220319 Felparkeringsavgift tran 20200330
{
   #TRANS 1930 {} -900.00
   #TRANS 1799 {} 900.00
}
#VER A 2496 20220319 Felparkeringsavgift tran 20200330
{
   #TRANS 1930 {} -1100.00
   #TRANS 1799 {} 1100.00
}
#VER A 2497 20220319 Tele2 sverige AB 20200330
{
   #TRANS 1930 {} -1014.00
   #TRANS 1799 {} 1014.00
}
#VER A 2498 20220319 13270100248 20200330
{
   #TRANS 1930 {} -16100.00
   #TRANS 1799 {} 16100.00
}
#VER A 2499 20220319 Hyra april 20200330
{
   #TRANS 1930 {} -16100.00
   #TRANS 1799 {} 16100.00
}
#VER A 2500 20220319 Trängselskatt transports 20200331
{
   #TRANS 1930 {} -11.00
   #TRANS 1630 {} 11.00
}
#VER A 2501 20220319 Trängselskatt transports 20200331
{
   #TRANS 1930 {} -15.00
   #TRANS 1630 {} 15.00
}
#VER A 2502 20220319 Trängselskatt transports 20200331
{
   #TRANS 1930 {} -46.00
   #TRANS 1630 {} 46.00
}
#VER A 2503 20220319 Trängselskatt transports 20200331
{
   #TRANS 1930 {} -47.00
   #TRANS 1630 {} 47.00
}
#VER A 2504 20220319 Trängselskatt transports 20200331
{
   #TRANS 1930 {} -48.00
   #TRANS 1630 {} 48.00
}
#VER A 2505 20220319 Trängselskatt transports 20200331
{
   #TRANS 1930 {} -62.00
   #TRANS 1630 {} 62.00
}
#VER A 2506 20220319 Trängselskatt transports 20200331
{
   #TRANS 1930 {} -142.00
   #TRANS 1630 {} 142.00
}
#VER A 2507 20220319 Trängselskatt transports 20200331
{
   #TRANS 1930 {} -215.00
   #TRANS 1630 {} 215.00
}
#VER A 2508 20220319 Trängselskatt transports 20200331
{
   #TRANS 1930 {} -280.00
   #TRANS 1630 {} 280.00
}
#VER A 2509 20220319 Wåhlin fastigheter AB 20200331
{
   #TRANS 1930 {} -5913.00
   #TRANS 1799 {} 5913.00
}
#VER A 2510 20220319 Fordonsskatt transportst 20200331
{
   #TRANS 1930 {} -115.00
   #TRANS 1630 {} 115.00
}
#VER A 2511 20220319 Fordonsskatt transportst 20200331
{
   #TRANS 1930 {} -115.00
   #TRANS 1630 {} 115.00
}
#VER A 2512 20220319 Fordonsskatt transportst 20200331
{
   #TRANS 1930 {} -753.00
   #TRANS 1630 {} 753.00
}
#VER A 2513 20220319 Felparkeringsavgift tran 20200331
{
   #TRANS 1930 {} -900.00
   #TRANS 1799 {} 900.00
}
#VER A 2514 20220319 Felparkeringsavgift tran 20200331
{
   #TRANS 1930 {} -1100.00
   #TRANS 1799 {} 1100.00
}
#VER A 2515 20220319 Felparkeringsavgift tran 20200331
{
   #TRANS 1930 {} -1100.00
   #TRANS 1799 {} 1100.00
}
#VER A 2516 20220319 Felparkeringsavgift tran 20200331
{
   #TRANS 1930 {} -1100.00
   #TRANS 1799 {} 1100.00
}
#VER A 2517 20220319 Felparkeringsavgift tran 20200331
{
   #TRANS 1930 {} -1100.00
   #TRANS 1799 {} 1100.00
}
#VER A 2518 20220319 Castellum stockholm AB 20200331
{
   #TRANS 1930 {} -11099.00
   #TRANS 1799 {} 11099.00
}
#VER A 2519 20220319 Överfört 20200331
{
   #TRANS 1930 {} 16100.00
   #TRANS 1910 {} -16100.00
}
#VER A 2520 20220319 54060109525 20200331
{
   #TRANS 1930 {} -690.00
   #TRANS 1799 {} 690.00
}
#VER A 2521 20220319 Okq8        /20-03-29 20200331
{
   #TRANS 1930 {} -200.03
   #TRANS 1799 {} 200.03
}
#VER A 2522 20220319 Ränta 20200331
{
   #TRANS 1930 {} -2215.72
   #TRANS 1799 {} 2215.72
}
#VER A 2523 20220319 If skadeförs 20200401
{
   #TRANS 1930 {} -1751.00
   #TRANS 1799 {} 1751.00
}
#VER A 2524 20220319 46768113100 20200401
{
   #TRANS 1930 {} 10000.00
   #TRANS 1910 {} -10000.00
}
#VER A 2525 20220319 Circle k kun/20-03-31 20200401
{
   #TRANS 1930 {} -500.26
   #TRANS 1799 {} 500.26
}
#VER A 2526 20220319 692117526243 20200403
{
   #TRANS 1930 {} -135000.00
   #TRANS 1799 {} 135000.00
}
#VER A 2527 20220319 Banktjänster 20200403
{
   #TRANS 1930 {} -356.50
   #TRANS 6570 {} 356.50
}
#VER A 2528 20220319 Bilprovninge/20-04-02 20200403
{
   #TRANS 1930 {} -499.00
   #TRANS 1799 {} 499.00
}
#VER A 2529 20220319 Blocket bost/20-04-03 20200406
{
   #TRANS 1930 {} -125.00
   #TRANS 1799 {} 125.00
}
#VER A 2530 20220319 Ryggåsgatan9 20200406
{
   #TRANS 1930 {} 10000.00
   #TRANS 1910 {} -10000.00
}
#VER A 2531 20220319 Euro parking collection 20200407
{
   #TRANS 1930 {} -490.59
   #TRANS 1799 {} 490.59
}
#VER A 2532 20220319 52100218131 20200407
{
   #TRANS 1930 {} -12000.00
   #TRANS 1799 {} 12000.00
}
#VER A 2533 20220319 Netflix com /20-04-07 20200407
{
   #TRANS 1930 {} -109.00
   #TRANS 1799 {} 109.00
}
#VER A 2534 20220319 300 auto AB 20200408
{
   #TRANS 1930 {} 10000.00
   #TRANS 1910 {} -10000.00
}
#VER A 2535 20220319 Tim vestin 20200408
{
   #TRANS 1930 {} 90000.00
   #TRANS 1910 {} -90000.00
}
#VER A 2536 20220319 46768113100 20200408
{
   #TRANS 1930 {} 147000.00
   #TRANS 1910 {} -147000.00
}
#VER A 2537 20220319 Circle k ske/20-04-07 20200408
{
   #TRANS 1930 {} -300.55
   #TRANS 1799 {} 300.55
}
#VER A 2538 20220319 Trängselskatt transports 20200409
{
   #TRANS 1930 {} -46.00
   #TRANS 1630 {} 46.00
}
#VER A 2539 20220319 Trängselskatt transports 20200409
{
   #TRANS 1930 {} -83.00
   #TRANS 1630 {} 83.00
}
#VER A 2540 20220319 Trängselskatt transports 20200409
{
   #TRANS 1930 {} -142.00
   #TRANS 1630 {} 142.00
}
#VER A 2541 20220319 Trängselskatt transports 20200409
{
   #TRANS 1930 {} -215.00
   #TRANS 1630 {} 215.00
}
#VER A 2542 20220319 Trängselskatt transports 20200409
{
   #TRANS 1930 {} -280.00
   #TRANS 1630 {} 280.00
}
#VER A 2543 20220319 Bisnode sverige AB 20200409
{
   #TRANS 1930 {} -293.00
   #TRANS 1799 {} 293.00
}
#VER A 2544 20220319 Stjarnans bi/20-04-08 20200409
{
   #TRANS 1930 {} -250.00
   #TRANS 1799 {} 250.00
}
#VER A 2545 20220319 Blocket bost/20-04-10 20200414
{
   #TRANS 1930 {} -125.00
   #TRANS 1799 {} 125.00
}
#VER A 2546 20220319 Voi technolo/20-04-10 20200414
{
   #TRANS 1930 {} -30.00
   #TRANS 1799 {} 30.00
}
#VER A 2547 20220319 April 10-30 20200414
{
   #TRANS 1930 {} 6667.00
   #TRANS 1910 {} -6667.00
}
#VER A 2548 20220319 Selecta swed/20-04-12 20200414
{
   #TRANS 1930 {} -39.00
   #TRANS 1799 {} 39.00
}
#VER A 2549 20220319 Circle k sto/20-04-11 20200414
{
   #TRANS 1930 {} -301.25
   #TRANS 1799 {} 301.25
}
#VER A 2550 20220319 Voi technolo/20-04-11 20200414
{
   #TRANS 1930 {} -25.00
   #TRANS 1799 {} 25.00
}
#VER A 2551 20220319 Voi technolo/20-04-12 20200414
{
   #TRANS 1930 {} -46.00
   #TRANS 1799 {} 46.00
}
#VER A 2552 20220319 St1 alby    /20-04-14 20200415
{
   #TRANS 1930 {} -201.43
   #TRANS 1799 {} 201.43
}
#VER A 2553 20220319 Voi technolo/20-04-15 20200416
{
   #TRANS 1930 {} -37.50
   #TRANS 1799 {} 37.50
}
#VER A 2554 20220319 Bg 222-9698 20200417
{
   #TRANS 1930 {} 17580.00
   #TRANS 1910 {} -17580.00
}
#VER A 2555 20220319 Circle k kun/20-04-16 20200417
{
   #TRANS 1930 {} -100.50
   #TRANS 1799 {} 100.50
}
#VER A 2556 20220319 46738045445 20200417
{
   #TRANS 1930 {} 12000.00
   #TRANS 1910 {} -12000.00
}
#VER A 2557 20220319 Netflix com /20-04-17 20200417
{
   #TRANS 1930 {} -159.00
   #TRANS 1799 {} 159.00
}
#VER A 2558 20220319 Shell södert/20-04-17 20200420
{
   #TRANS 1930 {} -500.08
   #TRANS 1799 {} 500.08
}
#VER A 2559 20220319 46723292109 20200420
{
   #TRANS 1930 {} 1490.00
   #TRANS 1910 {} -1490.00
}
#VER A 2560 20220319 Voi technolo/20-04-19 20200420
{
   #TRANS 1930 {} -19.00
   #TRANS 1799 {} 19.00
}
#VER A 2561 20220319 Move inn företagsbostäde 20200421
{
   #TRANS 1930 {} -12500.00
   #TRANS 1799 {} 12500.00
}
#VER A 2562 20220319 Edvard lenander 20200421
{
   #TRANS 1930 {} -938.00
   #TRANS 1799 {} 938.00
}
#VER A 2563 20220319 Edvard lenander 20200421
{
   #TRANS 1930 {} -1875.00
   #TRANS 1799 {} 1875.00
}
#VER A 2564 20220319 Bg 222-9698 20200421
{
   #TRANS 1930 {} 70320.00
   #TRANS 1910 {} -70320.00
}
#VER A 2565 20220319 6411300616 20200422
{
   #TRANS 1930 {} -32433.00
   #TRANS 1799 {} 32433.00
}
#VER A 2566 20220319 Nordea finans sverige AB 20200423
{
   #TRANS 1930 {} -107567.00
   #TRANS 1799 {} 107567.00
}
#VER A 2567 20220319 Bauhaus botk/20-04-22 20200423
{
   #TRANS 1930 {} -5895.00
   #TRANS 1799 {} 5895.00
}
#VER A 2568 20220319 Autogiganten/20-04-22 20200423
{
   #TRANS 1930 {} -750.00
   #TRANS 2893 {} 750.00
}
#VER A 2569 20220319 Shell norsbo/20-04-22 20200423
{
   #TRANS 1930 {} -100.48
   #TRANS 1799 {} 100.48
}
#VER A 2570 20220319 Voi technolo/20-04-22 20200423
{
   #TRANS 1930 {} -12.50
   #TRANS 1799 {} 12.50
}
#VER A 2571 20220319 Voi technolo/20-04-22 20200423
{
   #TRANS 1930 {} -17.50
   #TRANS 1799 {} 17.50
}
#VER A 2572 20220319 Voi technolo/20-04-22 20200423
{
   #TRANS 1930 {} -17.50
   #TRANS 1799 {} 17.50
}
#VER A 2573 20220319 Voi technolo/20-04-22 20200423
{
   #TRANS 1930 {} -40.50
   #TRANS 1799 {} 40.50
}
#VER A 2574 20220319 Knp515 20200424
{
   #TRANS 1930 {} -31000.00
   #TRANS 1799 {} 31000.00
}
#VER A 2575 20220319 Rygg.9 maj 20200424
{
   #TRANS 1930 {} 10000.00
   #TRANS 1910 {} -10000.00
}
#VER A 2576 20220319 Ostermalm   /20-04-23 20200424
{
   #TRANS 1930 {} -1489.00
   #TRANS 1799 {} 1489.00
}
#VER A 2577 20220319 St1 alby    /20-04-23 20200424
{
   #TRANS 1930 {} -100.05
   #TRANS 1799 {} 100.05
}
#VER A 2578 20220319 46738045445 20200427
{
   #TRANS 1930 {} 2400.00
   #TRANS 1910 {} -2400.00
}
#VER A 2579 20220319 Shell norsbo/20-04-24 20200427
{
   #TRANS 1930 {} -100.28
   #TRANS 1799 {} 100.28
}
#VER A 2580 20220319 AB svenssons bildemonter 20200427
{
   #TRANS 1930 {} -6725.00
   #TRANS 1799 {} 6725.00
}
#VER A 2581 20220319 Autogiganten/20-04-25 20200427
{
   #TRANS 1930 {} -250.00
   #TRANS 2893 {} 250.00
}
#VER A 2582 20220319 Trängselskatt transports 20200428
{
   #TRANS 1930 {} -73.00
   #TRANS 1630 {} 73.00
}
#VER A 2583 20220319 Trängselskatt transports 20200428
{
   #TRANS 1930 {} -91.00
   #TRANS 1630 {} 91.00
}
#VER A 2584 20220319 Trängselskatt transports 20200428
{
   #TRANS 1930 {} -111.00
   #TRANS 1630 {} 111.00
}
#VER A 2585 20220319 Trängselskatt transports 20200428
{
   #TRANS 1930 {} -256.00
   #TRANS 1630 {} 256.00
}
#VER A 2586 20220319 Trängselskatt transports 20200428
{
   #TRANS 1930 {} -260.00
   #TRANS 1630 {} 260.00
}
#VER A 2587 20220319 3 (hi3g access AB) 20200428
{
   #TRANS 1930 {} -664.00
   #TRANS 1799 {} 664.00
}
#VER A 2588 20220319 Parkster / billogram 20200428
{
   #TRANS 1930 {} -764.00
   #TRANS 1799 {} 764.00
}
#VER A 2589 20220319 Yokab AB 20200428
{
   #TRANS 1930 {} -9500.00
   #TRANS 1799 {} 9500.00
}
#VER A 2590 20220319 Trygg hansa försäkring f 20200428
{
   #TRANS 1930 {} -2692.00
   #TRANS 1799 {} 2692.00
}
#VER A 2591 20220319 Fordonsskatt transportst 20200428
{
   #TRANS 1930 {} -65.00
   #TRANS 1630 {} 65.00
}
#VER A 2592 20220319 Homerental nordic AB 20200428
{
   #TRANS 1930 {} -11600.00
   #TRANS 1799 {} 11600.00
}
#VER A 2593 20220319 If skadeförsäkring AB 20200428
{
   #TRANS 1930 {} -5544.00
   #TRANS 1799 {} 5544.00
}
#VER A 2594 20220319 Energikundservice sverig 20200428
{
   #TRANS 1930 {} -310.00
   #TRANS 1799 {} 310.00
}
#VER A 2595 20220319 Okq8        /20-04-27 20200428
{
   #TRANS 1930 {} -200.11
   #TRANS 1799 {} 200.11
}
#VER A 2596 20220319 Bg 222-9698 20200429
{
   #TRANS 1930 {} 159800.00
   #TRANS 1910 {} -159800.00
}
#VER A 2597 20220319 Saya food AB/20-04-28 20200429
{
   #TRANS 1930 {} -129.00
   #TRANS 1799 {} 129.00
}
#VER A 2598 20220319 52100218131 20200430
{
   #TRANS 1930 {} -12000.00
   #TRANS 1799 {} 12000.00
}
#VER A 2599 20220319 Banktjänster 20200430
{
   #TRANS 1930 {} -147.50
   #TRANS 6570 {} 147.50
}
#VER A 2600 20220319 46738045445 20200430
{
   #TRANS 1930 {} 12000.00
   #TRANS 1910 {} -12000.00
}
#VER A 2601 20220319 Voi technolo/20-04-29 20200430
{
   #TRANS 1930 {} -85.50
   #TRANS 1799 {} 85.50
}
#VER A 2602 20220319 Deck-skotten/20-04-30 20200504
{
   #TRANS 1930 {} -2400.00
   #TRANS 1799 {} 2400.00
}
#VER A 2603 20220319 53640166280 20200504
{
   #TRANS 1930 {} -10000.00
   #TRANS 1799 {} 10000.00
}
#VER A 2604 20220319 Circle k sto/20-05-01 20200504
{
   #TRANS 1930 {} -26.00
   #TRANS 1799 {} 26.00
}
#VER A 2605 20220319 Circle k kun/20-05-01 20200504
{
   #TRANS 1930 {} -200.17
   #TRANS 1799 {} 200.17
}
#VER A 2606 20220319 Atm maxi ica/20-05-01 20200504
{
   #TRANS 1930 {} -1500.00
   #TRANS 1799 {} 1500.00
}
#VER A 2607 20220319 If skadeförs 20200504
{
   #TRANS 1930 {} -1839.00
   #TRANS 1799 {} 1839.00
}
#VER A 2608 20220319 13270100248 20200504
{
   #TRANS 1930 {} -16100.00
   #TRANS 1799 {} 16100.00
}
#VER A 2609 20220319 Www taxijakt/20-05-02 20200504
{
   #TRANS 1930 {} -306.00
   #TRANS 1799 {} 306.00
}
#VER A 2610 20220319 46728537585 20200505
{
   #TRANS 1930 {} 1490.00
   #TRANS 1910 {} -1490.00
}
#VER A 2611 20220319 Ingo fittja /20-05-04 20200505
{
   #TRANS 1930 {} -200.12
   #TRANS 1799 {} 200.12
}
#VER A 2612 20220319 Schmiedmann /20-05-04 20200506
{
   #TRANS 1930 {} -1577.70
   #TRANS 1799 {} 1577.70
}
#VER A 2613 20220319 3 (hi3g access AB) 20200507
{
   #TRANS 1930 {} -679.00
   #TRANS 1799 {} 679.00
}
#VER A 2614 20220319 Netflix com /20-05-07 20200507
{
   #TRANS 1930 {} -109.00
   #TRANS 1799 {} 109.00
}
#VER A 2615 20220319 Stjarnans bi/20-05-06 20200507
{
   #TRANS 1930 {} -2800.00
   #TRANS 1799 {} 2800.00
}
#VER A 2616 20220319 Hhk736 20200508
{
   #TRANS 1930 {} 109800.00
   #TRANS 1910 {} -109800.00
}
#VER A 2617 20220319 46705805792 20200508
{
   #TRANS 1930 {} 46800.00
   #TRANS 1910 {} -46800.00
}
#VER A 2618 20220319 Netonnet    /20-05-07 20200508
{
   #TRANS 1930 {} -157.00
   #TRANS 1799 {} 157.00
}
#VER A 2619 20220319 St1 botkyrka/20-05-07 20200508
{
   #TRANS 1930 {} -200.17
   #TRANS 1799 {} 200.17
}
#VER A 2620 20220319 Hhk736 20200511
{
   #TRANS 1930 {} -90000.00
   #TRANS 1799 {} 90000.00
}
#VER A 2621 20220319 53640166280 20200511
{
   #TRANS 1930 {} -73000.00
   #TRANS 1799 {} 73000.00
}
#VER A 2622 20220319 Ulr404 20200511
{
   #TRANS 1930 {} -73000.00
   #TRANS 1799 {} 73000.00
}
#VER A 2623 20220319 Shell norsbo/20-05-09 20200511
{
   #TRANS 1930 {} -200.23
   #TRANS 1799 {} 200.23
}
#VER A 2624 20220319 Circle k kun/20-05-09 20200511
{
   #TRANS 1930 {} -200.72
   #TRANS 1799 {} 200.72
}
#VER A 2625 20220319 Svea ekonomi AB 20200512
{
   #TRANS 1930 {} -2510.00
   #TRANS 1799 {} 2510.00
}
#VER A 2626 20220319 Svea ekonomi AB 20200512
{
   #TRANS 1930 {} -3210.00
   #TRANS 1799 {} 3210.00
}
#VER A 2627 20220319 Fordonsskatt transportst 20200512
{
   #TRANS 1930 {} -2000.00
   #TRANS 1630 {} 2000.00
}
#VER A 2628 20220319 Felparkeringsavgift tran 20200512
{
   #TRANS 1930 {} -900.00
   #TRANS 1799 {} 900.00
}
#VER A 2629 20220319 Godel i sverige AB 20200512
{
   #TRANS 1930 {} -29.00
   #TRANS 1799 {} 29.00
}
#VER A 2630 20220319 Autoconcept insurance AB 20200512
{
   #TRANS 1930 {} -2830.00
   #TRANS 2893 {} 2830.00
}
#VER A 2631 20220319 Bisnode sverige AB 20200512
{
   #TRANS 1930 {} -296.00
   #TRANS 1799 {} 296.00
}
#VER A 2632 20220319 Lowell sverige AB 20200512
{
   #TRANS 1930 {} -12702.22
   #TRANS 1799 {} 12702.22
}
#VER A 2633 20220319 Gothia inkasso 20200512
{
   #TRANS 1930 {} -589.62
   #TRANS 1799 {} 589.62
}
#VER A 2634 20220319 Circle k ski/20-05-11 20200512
{
   #TRANS 1930 {} -880.39
   #TRANS 1799 {} 880.39
}
#VER A 2635 20220319 Okq8        /20-05-11 20200512
{
   #TRANS 1930 {} -852.07
   #TRANS 1799 {} 852.07
}
#VER A 2636 20220319 Vårdcentrale/20-05-11 20200512
{
   #TRANS 1930 {} -200.00
   #TRANS 1799 {} 200.00
}
#VER A 2637 20220319 Tim vestin 20200513
{
   #TRANS 1930 {} 73000.00
   #TRANS 1910 {} -73000.00
}
#VER A 2638 20220319 First hotel /20-05-11 20200513
{
   #TRANS 1930 {} -785.00
   #TRANS 1799 {} 785.00
}
#VER A 2639 20220319 Lowell sverige AB 20200514
{
   #TRANS 1930 {} -295.56
   #TRANS 1799 {} 295.56
}
#VER A 2640 20220319 Netflix com /20-05-17 20200518
{
   #TRANS 1930 {} -159.00
   #TRANS 1799 {} 159.00
}
#VER A 2641 20220319 Mohamad othman 20200519
{
   #TRANS 1930 {} -5700.00
   #TRANS 1799 {} 5700.00
}
#VER A 2642 20220319 Tele2 sverige AB att: ku 20200519
{
   #TRANS 1930 {} -1045.00
   #TRANS 1799 {} 1045.00
}
#VER A 2643 20220319 Circle k kun/20-05-18 20200519
{
   #TRANS 1930 {} -200.30
   #TRANS 1799 {} 200.30
}
#VER A 2644 20220319 Ad sverige b/20-05-18 20200519
{
   #TRANS 1930 {} -686.00
   #TRANS 1799 {} 686.00
}
#VER A 2645 20220319 St1 alby    /20-05-18 20200519
{
   #TRANS 1930 {} -300.06
   #TRANS 1799 {} 300.06
}
#VER A 2646 20220319 Voi technolo/20-05-18 20200519
{
   #TRANS 1930 {} -32.50
   #TRANS 1799 {} 32.50
}
#VER A 2647 20220319 Tele2 sverige AB 20200520
{
   #TRANS 1930 {} -27.00
   #TRANS 1799 {} 27.00
}
#VER A 2648 20220319 832799830834 20200520
{
   #TRANS 1930 {} -60000.00
   #TRANS 1799 {} 60000.00
}
#VER A 2649 20220319 832799830834 20200520
{
   #TRANS 1930 {} -1000.00
   #TRANS 1799 {} 1000.00
}
#VER A 2650 20220319 Shell norsbo/20-05-19 20200520
{
   #TRANS 1930 {} -95.00
   #TRANS 1799 {} 95.00
}
#VER A 2651 20220319 Shell norsbo/20-05-19 20200520
{
   #TRANS 1930 {} -600.23
   #TRANS 1799 {} 600.23
}
#VER A 2652 20220319 53640166280 20200520
{
   #TRANS 1930 {} -10000.00
   #TRANS 1799 {} 10000.00
}
#VER A 2653 20220319 Stjarnans bi/20-05-20 20200522
{
   #TRANS 1930 {} -2000.00
   #TRANS 1799 {} 2000.00
}
#VER A 2654 20220319 Pressbyrån 4/20-05-20 20200522
{
   #TRANS 1930 {} -49.00
   #TRANS 1799 {} 49.00
}
#VER A 2655 20220319 Skruvat     /20-05-04 20200522
{
   #TRANS 1930 {} -523.75
   #TRANS 1799 {} 523.75
}
#VER A 2656 20220319 3 (hi3g access AB) 20200522
{
   #TRANS 1930 {} -972.00
   #TRANS 1799 {} 972.00
}
#VER A 2657 20220319 Fordonsskatt transportst 20200522
{
   #TRANS 1930 {} -65.00
   #TRANS 1630 {} 65.00
}
#VER A 2658 20220319 Fordonsskatt transportst 20200522
{
   #TRANS 1930 {} -65.00
   #TRANS 1630 {} 65.00
}
#VER A 2659 20220319 Shell norsbo/20-05-21 20200522
{
   #TRANS 1930 {} -200.05
   #TRANS 1799 {} 200.05
}
#VER A 2660 20220319 Circle k sto/20-05-22 20200525
{
   #TRANS 1930 {} -28.00
   #TRANS 1799 {} 28.00
}
#VER A 2661 20220319 Pg-konto 20200525
{
   #TRANS 1930 {} -23311.00
   #TRANS 1799 {} 23311.00
}
#VER A 2662 20220319 Rygg.9 june 20200525
{
   #TRANS 1930 {} 10000.00
   #TRANS 1910 {} -10000.00
}
#VER A 2663 20220319 46720134142 20200525
{
   #TRANS 1930 {} 12400.00
   #TRANS 1910 {} -12400.00
}
#VER A 2664 20220319 Aut15:12 ins 20200525
{
   #TRANS 1930 {} 20000.00
   #TRANS 1910 {} -20000.00
}
#VER A 2665 20220319 Vilnius     /20-05-23 20200525
{
   #TRANS 1930 {} -1608.52
   #TRANS 1799 {} 1608.52
}
#VER A 2666 20220319 St1 botkyrka/20-05-24 20200525
{
   #TRANS 1930 {} -200.05
   #TRANS 1799 {} 200.05
}
#VER A 2667 20220319 Bilia sodert/20-05-22 20200526
{
   #TRANS 1930 {} -757.00
   #TRANS 1799 {} 757.00
}
#VER A 2668 20220319 Dnb bank ASA filial sver 20200527
{
   #TRANS 1930 {} -122895.98
   #TRANS 1799 {} 122895.98
}
#VER A 2669 20220319 Yokab AB 20200527
{
   #TRANS 1930 {} -9500.00
   #TRANS 1799 {} 9500.00
}
#VER A 2670 20220319 Trygg hansa försäkring f 20200527
{
   #TRANS 1930 {} -839.00
   #TRANS 1799 {} 839.00
}
#VER A 2671 20220319 Felparkeringsavgift tran 20200527
{
   #TRANS 1930 {} -1100.00
   #TRANS 1799 {} 1100.00
}
#VER A 2672 20220319 Energikundservice sverig 20200527
{
   #TRANS 1930 {} -211.00
   #TRANS 1799 {} 211.00
}
#VER A 2673 20220319 Göteborg energi din el a 20200527
{
   #TRANS 1930 {} -158.00
   #TRANS 1799 {} 158.00
}
#VER A 2674 20220319 Autoconcept insurance AB 20200527
{
   #TRANS 1930 {} -1695.00
   #TRANS 2893 {} 1695.00
}
#VER A 2675 20220319 Energikundservice sverig 20200527
{
   #TRANS 1930 {} -205.00
   #TRANS 1799 {} 205.00
}
#VER A 2676 20220319 Ingo fittja /20-05-26 20200527
{
   #TRANS 1930 {} -200.87
   #TRANS 1799 {} 200.87
}
#VER A 2677 20220319 117 - alby  /20-05-27 20200528
{
   #TRANS 1930 {} -930.00
   #TRANS 1799 {} 930.00
}
#VER A 2678 20220319 Clas ohlson /20-05-27 20200528
{
   #TRANS 1930 {} -99.90
   #TRANS 1799 {} 99.90
}
#VER A 2679 20220319 46738045445 20200529
{
   #TRANS 1930 {} 12000.00
   #TRANS 1910 {} -12000.00
}
#VER A 2680 20220319 Bg 222-9698 20200529
{
   #TRANS 1930 {} 937.00
   #TRANS 1910 {} -937.00
}
#VER A 2681 20220319 Banktjänster 20200529
{
   #TRANS 1930 {} -161.00
   #TRANS 6570 {} 161.00
}
#VER A 2682 20220319 St1 alby    /20-05-28 20200529
{
   #TRANS 1930 {} -100.04
   #TRANS 1799 {} 100.04
}
#VER A 2683 20220319 St1 alby    /20-05-28 20200529
{
   #TRANS 1930 {} -68.01
   #TRANS 1799 {} 68.01
}
#VER A 2684 20220319 Circle k kun/20-05-29 20200601
{
   #TRANS 1930 {} -300.40
   #TRANS 1799 {} 300.40
}
#VER A 2685 20220319 Shell norsbo/20-05-29 20200601
{
   #TRANS 1930 {} -100.04
   #TRANS 1799 {} 100.04
}
#VER A 2686 20220319 Carcenter group i stockh 20200601
{
   #TRANS 1930 {} -5625.00
   #TRANS 1799 {} 5625.00
}
#VER A 2687 20220319 Fordonsskatt transportst 20200601
{
   #TRANS 1930 {} -323.00
   #TRANS 1630 {} 323.00
}
#VER A 2688 20220319 If skadeförs 20200601
{
   #TRANS 1930 {} -1839.00
   #TRANS 1799 {} 1839.00
}
#VER A 2689 20220319 Hyra juni 20200601
{
   #TRANS 1930 {} -16100.00
   #TRANS 1799 {} 16100.00
}
#VER A 2690 20220319 Bg 222-9698 20200601
{
   #TRANS 1930 {} 235000.00
   #TRANS 1910 {} -235000.00
}
#VER A 2691 20220319 Homerental nordic AB 20200602
{
   #TRANS 1930 {} -11600.00
   #TRANS 1799 {} 11600.00
}
#VER A 2692 20220319 Bg 222-9698 20200602
{
   #TRANS 1930 {} 154600.00
   #TRANS 1910 {} -154600.00
}
#VER A 2693 20220319 Skruvat     /20-05-04 20200603
{
   #TRANS 1930 {} 523.75
   #TRANS 1910 {} -523.75
}
#VER A 2694 20220319 Autounique i stockholm a 20200604
{
   #TRANS 1930 {} -2500.00
   #TRANS 2893 {} 2500.00
}
#VER A 2695 20220319 Eyj437 20200604
{
   #TRANS 1930 {} 22920.00
   #TRANS 1910 {} -22920.00
}
#VER A 2696 20220319 Bilprovninge/20-06-03 20200604
{
   #TRANS 1930 {} -519.00
   #TRANS 1799 {} 519.00
}
#VER A 2697 20220319 Stjarnans bi/20-06-03 20200604
{
   #TRANS 1930 {} -1840.00
   #TRANS 1799 {} 1840.00
}
#VER A 2698 20220319 Alby macken /20-06-04 20200605
{
   #TRANS 1930 {} -102.00
   #TRANS 1799 {} 102.00
}
#VER A 2699 20220319 St1 alby    /20-06-04 20200605
{
   #TRANS 1930 {} -100.18
   #TRANS 1799 {} 100.18
}
#VER A 2700 20220319 Circle k tum/20-06-05 20200608
{
   #TRANS 1930 {} -200.21
   #TRANS 1799 {} 200.21
}
#VER A 2701 20220319 Tanka sodert/20-06-03 20200608
{
   #TRANS 1930 {} -199.90
   #TRANS 1799 {} 199.90
}
#VER A 2702 20220319 Netflix com /20-06-07 20200608
{
   #TRANS 1930 {} -159.00
   #TRANS 1799 {} 159.00
}
#VER A 2703 20220319 Trängselskatt transports 20200609
{
   #TRANS 1930 {} -22.00
   #TRANS 1630 {} 22.00
}
#VER A 2704 20220319 Trängselskatt transports 20200609
{
   #TRANS 1930 {} -395.00
   #TRANS 1630 {} 395.00
}
#VER A 2705 20220319 Trängselskatt transports 20200609
{
   #TRANS 1930 {} -733.00
   #TRANS 1630 {} 733.00
}
#VER A 2706 20220319 Move inn företagsbostäde 20200609
{
   #TRANS 1930 {} -12500.00
   #TRANS 1799 {} 12500.00
}
#VER A 2707 20220319 Fordonsskatt transportst 20200609
{
   #TRANS 1930 {} -50.00
   #TRANS 1630 {} 50.00
}
#VER A 2708 20220319 Fordonsskatt transportst 20200609
{
   #TRANS 1930 {} -65.00
   #TRANS 1630 {} 65.00
}
#VER A 2709 20220319 Fordonsskatt transportst 20200609
{
   #TRANS 1930 {} -65.00
   #TRANS 1630 {} 65.00
}
#VER A 2710 20220319 Felparkeringsavgift tran 20200609
{
   #TRANS 1930 {} -900.00
   #TRANS 1799 {} 900.00
}
#VER A 2711 20220319 Felparkeringsavgift tran 20200609
{
   #TRANS 1930 {} -900.00
   #TRANS 1799 {} 900.00
}
#VER A 2712 20220319 Felparkeringsavgift tran 20200609
{
   #TRANS 1930 {} -1100.00
   #TRANS 1799 {} 1100.00
}
#VER A 2713 20220319 Felparkeringsavgift tran 20200609
{
   #TRANS 1930 {} -1100.00
   #TRANS 1799 {} 1100.00
}
#VER A 2714 20220319 Biltema swed/20-06-08 20200609
{
   #TRANS 1930 {} -64.90
   #TRANS 1799 {} 64.90
}
#VER A 2715 20220319 Autoexperten/20-06-08 20200609
{
   #TRANS 1930 {} -973.00
   #TRANS 2893 {} 973.00
}
#VER A 2716 20220319 Ysc379 20200610
{
   #TRANS 1930 {} -27140.00
   #TRANS 1799 {} 27140.00
}
#VER A 2717 20220319 46723292109 20200610
{
   #TRANS 1930 {} 2400.00
   #TRANS 1910 {} -2400.00
}
#VER A 2718 20220319 St1 botkyrka/20-06-09 20200610
{
   #TRANS 1930 {} -200.01
   #TRANS 1799 {} 200.01
}
#VER A 2719 20220319 St1 botkyrka/20-06-09 20200610
{
   #TRANS 1930 {} -73.15
   #TRANS 1799 {} 73.15
}
#VER A 2720 20220319 Intrum sverige AB 20200611
{
   #TRANS 1930 {} -398.50
   #TRANS 1799 {} 398.50
}
#VER A 2721 20220319 Energikundservice sverig 20200611
{
   #TRANS 1930 {} -274.00
   #TRANS 1799 {} 274.00
}
#VER A 2722 20220319 Göteborg energi din el a 20200611
{
   #TRANS 1930 {} -104.00
   #TRANS 1799 {} 104.00
}
#VER A 2723 20220319 Bisnode sverige AB 20200611
{
   #TRANS 1930 {} -304.00
   #TRANS 1799 {} 304.00
}
#VER A 2724 20220319 Easypark    /20-06-10 20200611
{
   #TRANS 1930 {} -89.12
   #TRANS 1799 {} 89.12
}
#VER A 2725 20220319 Återfört 20200612
{
   #TRANS 1930 {} 27140.00
   #TRANS 1910 {} -27140.00
}
#VER A 2726 20220319 46709741478 20200612
{
   #TRANS 1930 {} 39800.00
   #TRANS 1910 {} -39800.00
}
#VER A 2727 20220319 Bilgiganten /20-06-11 20200612
{
   #TRANS 1930 {} -1000.00
   #TRANS 1799 {} 1000.00
}
#VER A 2728 20220319 Bilprovninge/20-06-11 20200612
{
   #TRANS 1930 {} -519.00
   #TRANS 1799 {} 519.00
}
#VER A 2729 20220319 Easypark    /20-06-11 20200612
{
   #TRANS 1930 {} -29.45
   #TRANS 1799 {} 29.45
}
#VER A 2730 20220319 Trafikkontor/20-06-10 20200612
{
   #TRANS 1930 {} -13.25
   #TRANS 1799 {} 13.25
}
#VER A 2731 20220319 46707559890 20200615
{
   #TRANS 1930 {} 600.00
   #TRANS 1910 {} -600.00
}
#VER A 2732 20220319 Easypark    /20-06-12 20200615
{
   #TRANS 1930 {} -56.48
   #TRANS 1799 {} 56.48
}
#VER A 2733 20220319 Bg 222-9698 20200615
{
   #TRANS 1930 {} 206074.00
   #TRANS 1910 {} -206074.00
}
#VER A 2734 20220319 832799140467 20200615
{
   #TRANS 1930 {} -27140.00
   #TRANS 1799 {} 27140.00
}
#VER A 2735 20220319 Circle k kun/20-06-13 20200615
{
   #TRANS 1930 {} -301.17
   #TRANS 1799 {} 301.17
}
#VER A 2736 20220319 Hallunda mob/20-06-12 20200615
{
   #TRANS 1930 {} -1500.00
   #TRANS 1799 {} 1500.00
}
#VER A 2737 20220319 Easypark    /20-06-13 20200615
{
   #TRANS 1930 {} -20.20
   #TRANS 1799 {} 20.20
}
#VER A 2738 20220319 Parkster / billogram 20200616
{
   #TRANS 1930 {} -398.39
   #TRANS 1799 {} 398.39
}
#VER A 2739 20220319 Skatteverket 20200616
{
   #TRANS 1930 {} -170000.00
   #TRANS 1630 {} 170000.00
}
#VER A 2740 20220319 Lowell sverige AB 20200616
{
   #TRANS 1930 {} -579.00
   #TRANS 1799 {} 579.00
}
#VER A 2741 20220319 810590643037 20200616
{
   #TRANS 1930 {} -200141.00
   #TRANS 1799 {} 200141.00
}
#VER A 2742 20220319 Aut18:37 20200616
{
   #TRANS 1930 {} -1000.00
   #TRANS 2893 {} 1000.00
}
#VER A 2743 20220319 Circle k kun/20-06-15 20200616
{
   #TRANS 1930 {} -200.07
   #TRANS 1799 {} 200.07
}
#VER A 2744 20220319 Uac217 20200617
{
   #TRANS 1930 {} 17800.00
   #TRANS 1910 {} -17800.00
}
#VER A 2745 20220319 Atracco     /20-06-16 20200617
{
   #TRANS 1930 {} -985.50
   #TRANS 1799 {} 985.50
}
#VER A 2746 20220319 Bilprovninge/20-06-16 20200617
{
   #TRANS 1930 {} -519.00
   #TRANS 1799 {} 519.00
}
#VER A 2747 20220319 Netflix com /20-06-17 20200617
{
   #TRANS 1930 {} -159.00
   #TRANS 1799 {} 159.00
}
#VER A 2748 20220319 Easypark    /20-06-16 20200617
{
   #TRANS 1930 {} -37.20
   #TRANS 1799 {} 37.20
}
#VER A 2749 20220319 Easypark    /20-06-17 20200618
{
   #TRANS 1930 {} -44.40
   #TRANS 1799 {} 44.40
}
#VER A 2750 20220319 Easypark    /20-06-18 20200622
{
   #TRANS 1930 {} -86.36
   #TRANS 1799 {} 86.36
}
#VER A 2751 20220319 Biltema swed/20-06-18 20200622
{
   #TRANS 1930 {} -149.80
   #TRANS 1799 {} 149.80
}
#VER A 2752 20220319 Mekonomen se/20-06-18 20200622
{
   #TRANS 1930 {} -998.00
   #TRANS 1799 {} 998.00
}
#VER A 2753 20220319 Autodoc     /20-06-18 20200622
{
   #TRANS 1930 {} -755.77
   #TRANS 2893 {} 755.77
}
#VER A 2754 20220319 Easypark    /20-06-19 20200622
{
   #TRANS 1930 {} -85.45
   #TRANS 1799 {} 85.45
}
#VER A 2755 20220319 Shell norsbo/20-06-19 20200622
{
   #TRANS 1930 {} -500.18
   #TRANS 1799 {} 500.18
}
#VER A 2756 20220319 Paypal  carm/20-06-18 20200622
{
   #TRANS 1930 {} -361.62
   #TRANS 1799 {} 361.62
}
#VER A 2757 20220319 Paypal  pitn/20-06-18 20200622
{
   #TRANS 1930 {} -165.59
   #TRANS 1799 {} 165.59
}
#VER A 2758 20220319 Easypark    /20-06-20 20200622
{
   #TRANS 1930 {} -30.23
   #TRANS 1799 {} 30.23
}
#VER A 2759 20220319 Godel i sverige AB 20200623
{
   #TRANS 1930 {} -86.00
   #TRANS 1799 {} 86.00
}
#VER A 2760 20220319 Tele2 sverige AB att: ku 20200623
{
   #TRANS 1930 {} -1027.00
   #TRANS 1799 {} 1027.00
}
#VER A 2761 20220319 Energikundservice sverig 20200623
{
   #TRANS 1930 {} -454.00
   #TRANS 1799 {} 454.00
}
#VER A 2762 20220319 Bg 222-9698 20200623
{
   #TRANS 1930 {} 26999.00
   #TRANS 1910 {} -26999.00
}
#VER A 2763 20220319 Okq8        /20-06-21 20200623
{
   #TRANS 1930 {} -200.19
   #TRANS 1799 {} 200.19
}
#VER A 2764 20220319 Autodoc     /20-06-22 20200623
{
   #TRANS 1930 {} -1626.70
   #TRANS 2893 {} 1626.70
}
#VER A 2765 20220319 Easypark    /20-06-23 20200624
{
   #TRANS 1930 {} -27.95
   #TRANS 1799 {} 27.95
}
#VER A 2766 20220319 Circle k kun/20-06-23 20200624
{
   #TRANS 1930 {} -400.14
   #TRANS 1799 {} 400.14
}
#VER A 2767 20220319 July rygg. 9 20200625
{
   #TRANS 1930 {} 10000.00
   #TRANS 1910 {} -10000.00
}
#VER A 2768 20220319 46738045445 20200625
{
   #TRANS 1930 {} 12000.00
   #TRANS 1910 {} -12000.00
}
#VER A 2769 20220319 Bauhaus botk/20-06-24 20200625
{
   #TRANS 1930 {} -199.00
   #TRANS 1799 {} 199.00
}
#VER A 2770 20220319 Easypark    /20-06-24 20200625
{
   #TRANS 1930 {} -16.20
   #TRANS 1799 {} 16.20
}
#VER A 2771 20220319 Easypark    /20-06-25 20200626
{
   #TRANS 1930 {} -111.26
   #TRANS 1799 {} 111.26
}
#VER A 2772 20220319 7-eleven 441/20-06-26 20200629
{
   #TRANS 1930 {} -42.00
   #TRANS 1799 {} 42.00
}
#VER A 2773 20220319 Easypark    /20-06-26 20200629
{
   #TRANS 1930 {} -26.45
   #TRANS 1799 {} 26.45
}
#VER A 2774 20220319 Voi technolo/20-06-26 20200629
{
   #TRANS 1930 {} -18.00
   #TRANS 1799 {} 18.00
}
#VER A 2775 20220319 53640166280 20200629
{
   #TRANS 1930 {} -10000.00
   #TRANS 1799 {} 10000.00
}
#VER A 2776 20220319 Aut16:59 ins 20200629
{
   #TRANS 1930 {} 20000.00
   #TRANS 1910 {} -20000.00
}
#VER A 2777 20220319 Easypark    /20-06-28 20200629
{
   #TRANS 1930 {} -88.96
   #TRANS 1799 {} 88.96
}
#VER A 2778 20220319 Easypark    /20-06-28 20200629
{
   #TRANS 1930 {} -45.90
   #TRANS 1799 {} 45.90
}
#VER A 2779 20220319 Payment summ/20-06-28 20200629
{
   #TRANS 1930 {} -99.00
   #TRANS 1799 {} 99.00
}
#VER A 2780 20220319 Payment summ/20-06-28 20200629
{
   #TRANS 1930 {} -99.00
   #TRANS 1799 {} 99.00
}
#VER A 2781 20220319 Max i varby /20-06-27 20200629
{
   #TRANS 1930 {} -154.00
   #TRANS 1799 {} 154.00
}
#VER A 2782 20220319 Trängselskatt transports 20200630
{
   #TRANS 1930 {} -85.00
   #TRANS 1630 {} 85.00
}
#VER A 2783 20220319 Trängselskatt transports 20200630
{
   #TRANS 1930 {} -135.00
   #TRANS 1630 {} 135.00
}
#VER A 2784 20220319 Trängselskatt transports 20200630
{
   #TRANS 1930 {} -886.00
   #TRANS 1630 {} 886.00
}
#VER A 2785 20220319 Yokab AB 20200630
{
   #TRANS 1930 {} -9500.00
   #TRANS 1799 {} 9500.00
}
#VER A 2786 20220319 Trygg hansa försäkring f 20200630
{
   #TRANS 1930 {} -839.00
   #TRANS 1799 {} 839.00
}
#VER A 2787 20220319 Fordonsskatt transportst 20200630
{
   #TRANS 1930 {} -65.00
   #TRANS 1630 {} 65.00
}
#VER A 2788 20220319 Fordonsskatt transportst 20200630
{
   #TRANS 1930 {} -65.00
   #TRANS 1630 {} 65.00
}
#VER A 2789 20220319 Autoconcept insurance AB 20200630
{
   #TRANS 1930 {} -3293.00
   #TRANS 2893 {} 3293.00
}
#VER A 2790 20220319 Lowell sverige AB 20200630
{
   #TRANS 1930 {} -262.22
   #TRANS 1799 {} 262.22
}
#VER A 2791 20220319 Banktjänster 20200630
{
   #TRANS 1930 {} -171.00
   #TRANS 6570 {} 171.00
}
#VER A 2792 20220319 Bg 222-9698 20200630
{
   #TRANS 1930 {} 8244.00
   #TRANS 1910 {} -8244.00
}
#VER A 2793 20220319 Okq8        /20-06-27 20200630
{
   #TRANS 1930 {} -500.71
   #TRANS 1799 {} 500.71
}
#VER A 2794 20220319 Ränta 20200630
{
   #TRANS 1930 {} -3256.70
   #TRANS 1799 {} 3256.70
}
#VER A 2795 20220319 Fortnox finans AB 20200701
{
   #TRANS 1930 {} -11519.00
   #TRANS 1799 {} 11519.00
}
#VER A 2796 20220319 If skadeförs 20200701
{
   #TRANS 1930 {} -1839.00
   #TRANS 1799 {} 1839.00
}
#VER A 2797 20220319 Easypark    /20-06-30 20200701
{
   #TRANS 1930 {} -99.20
   #TRANS 1799 {} 99.20
}
#VER A 2798 20220319 Move inn företagsbostäde 20200702
{
   #TRANS 1930 {} -12500.00
   #TRANS 1799 {} 12500.00
}
#VER A 2799 20220319 Autoconcept insurance AB 20200702
{
   #TRANS 1930 {} -6156.00
   #TRANS 2893 {} 6156.00
}
#VER A 2800 20220319 Homerental nordic AB 20200702
{
   #TRANS 1930 {} -11600.00
   #TRANS 1799 {} 11600.00
}
#VER A 2801 20220319 Rusta borkyr/20-07-01 20200702
{
   #TRANS 1930 {} -35.00
   #TRANS 1799 {} 35.00
}
#VER A 2802 20220319 Bilprovninge/20-07-02 20200703
{
   #TRANS 1930 {} -519.00
   #TRANS 1799 {} 519.00
}
#VER A 2803 20220319 Easypark    /20-07-02 20200703
{
   #TRANS 1930 {} -113.98
   #TRANS 1799 {} 113.98
}
#VER A 2804 20220319 Shell norsbo/20-07-02 20200703
{
   #TRANS 1930 {} -200.06
   #TRANS 1799 {} 200.06
}
#VER A 2805 20220319 Trafikkontor/20-07-01 20200703
{
   #TRANS 1930 {} -49.75
   #TRANS 1799 {} 49.75
}
#VER A 2806 20220319 Easypark    /20-07-03 20200706
{
   #TRANS 1930 {} -26.45
   #TRANS 1799 {} 26.45
}
#VER A 2807 20220319 Stjarnans bi/20-07-03 20200706
{
   #TRANS 1930 {} -2160.00
   #TRANS 1799 {} 2160.00
}
#VER A 2808 20220319 Easypark    /20-07-05 20200706
{
   #TRANS 1930 {} -35.95
   #TRANS 1799 {} 35.95
}
#VER A 2809 20220319 Easypark    /20-07-05 20200706
{
   #TRANS 1930 {} -34.95
   #TRANS 1799 {} 34.95
}
#VER A 2810 20220319 St1 alby    /20-07-05 20200706
{
   #TRANS 1930 {} -500.13
   #TRANS 1799 {} 500.13
}
#VER A 2811 20220319 Netflix com /20-07-07 20200707
{
   #TRANS 1930 {} -159.00
   #TRANS 1799 {} 159.00
}
#VER A 2812 20220319 Svea ekonomi AB 20200708
{
   #TRANS 1930 {} -2500.00
   #TRANS 1799 {} 2500.00
}
#VER A 2813 20220319 Svea ekonomi AB 20200708
{
   #TRANS 1930 {} -7360.00
   #TRANS 1799 {} 7360.00
}
#VER A 2814 20220319 Sector alarm företag/pay 20200708
{
   #TRANS 1930 {} -1645.50
   #TRANS 1799 {} 1645.50
}
#VER A 2815 20220319 Parkster / billogram 20200708
{
   #TRANS 1930 {} -149.29
   #TRANS 1799 {} 149.29
}
#VER A 2816 20220319 Bisnode sverige AB 20200708
{
   #TRANS 1930 {} -301.00
   #TRANS 1799 {} 301.00
}
#VER A 2817 20220319 Easypark    /20-07-07 20200708
{
   #TRANS 1930 {} -67.56
   #TRANS 1799 {} 67.56
}
#VER A 2818 20220319 Blomsterpass/20-07-07 20200708
{
   #TRANS 1930 {} -204.00
   #TRANS 1799 {} 204.00
}
#VER A 2819 20220319 Shell norsbo/20-07-07 20200708
{
   #TRANS 1930 {} -100.87
   #TRANS 1799 {} 100.87
}
#VER A 2820 20220319 Shell upplan/20-07-07 20200708
{
   #TRANS 1930 {} -500.09
   #TRANS 1799 {} 500.09
}
#VER A 2821 20220319 Easypark    /20-07-08 20200709
{
   #TRANS 1930 {} -12.20
   #TRANS 1799 {} 12.20
}
#VER A 2822 20220319 Willys uppsa/20-07-08 20200709
{
   #TRANS 1930 {} -49.10
   #TRANS 1799 {} 49.10
}
#VER A 2823 20220319 Hotelscom920/20-07-08 20200709
{
   #TRANS 1930 {} -1395.00
   #TRANS 1799 {} 1395.00
}
#VER A 2824 20220319 Okq8        /20-07-08 20200710
{
   #TRANS 1930 {} -350.68
   #TRANS 1799 {} 350.68
}
#VER A 2825 20220319 Easypark    /20-07-09 20200710
{
   #TRANS 1930 {} -26.45
   #TRANS 1799 {} 26.45
}
#VER A 2826 20220319 Ba 3 central/20-07-08 20200710
{
   #TRANS 1930 {} -165.00
   #TRANS 1799 {} 165.00
}
#VER A 2827 20220319 Ingo soderte/20-07-10 20200713
{
   #TRANS 1930 {} -300.17
   #TRANS 1799 {} 300.17
}
#VER A 2828 20220319 Axlas solidl/20-07-10 20200713
{
   #TRANS 1930 {} -369.00
   #TRANS 1799 {} 369.00
}
#VER A 2829 20220319 Stjarnans bi/20-07-10 20200713
{
   #TRANS 1930 {} -2000.00
   #TRANS 1799 {} 2000.00
}
#VER A 2830 20220319 53640166280 20200713
{
   #TRANS 1930 {} -100000.00
   #TRANS 1799 {} 100000.00
}
#VER A 2831 20220319 Easypark    /20-07-11 20200713
{
   #TRANS 1930 {} -30.95
   #TRANS 1799 {} 30.95
}
#VER A 2832 20220319 Atracco     /20-07-13 20200714
{
   #TRANS 1930 {} -695.00
   #TRANS 1799 {} 695.00
}
#VER A 2833 20220319 Shell norsbo/20-07-13 20200714
{
   #TRANS 1930 {} -200.36
   #TRANS 1799 {} 200.36
}
#VER A 2834 20220319 Biltema swed/20-07-14 20200715
{
   #TRANS 1930 {} -79.90
   #TRANS 1799 {} 79.90
}
#VER A 2835 20220319 Easypark    /20-07-14 20200715
{
   #TRANS 1930 {} -34.20
   #TRANS 1799 {} 34.20
}
#VER A 2836 20220319 Opus bilprov/20-07-15 20200716
{
   #TRANS 1930 {} -445.00
   #TRANS 1799 {} 445.00
}
#VER A 2837 20220319 Easypark    /20-07-15 20200716
{
   #TRANS 1930 {} -26.20
   #TRANS 1799 {} 26.20
}
#VER A 2838 20220319 St1 botkyrka/20-07-15 20200716
{
   #TRANS 1930 {} -500.37
   #TRANS 1799 {} 500.37
}
#VER A 2839 20220319 Lowell sverige AB 20200717
{
   #TRANS 1930 {} -579.00
   #TRANS 1799 {} 579.00
}
#VER A 2840 20220319 Netflix com /20-07-17 20200717
{
   #TRANS 1930 {} -159.00
   #TRANS 1799 {} 159.00
}
#VER A 2841 20220319 Easypark    /20-07-16 20200717
{
   #TRANS 1930 {} -50.40
   #TRANS 1799 {} 50.40
}
#VER A 2842 20220319 Easypark    /20-07-17 20200720
{
   #TRANS 1930 {} -24.40
   #TRANS 1799 {} 24.40
}
#VER A 2843 20220319 Jula AB     /20-07-19 20200720
{
   #TRANS 1930 {} -812.50
   #TRANS 1799 {} 812.50
}
#VER A 2844 20220319 St1 botkyrka/20-07-18 20200720
{
   #TRANS 1930 {} -100.39
   #TRANS 1799 {} 100.39
}
#VER A 2845 20220319 St1 alby    /20-07-19 20200720
{
   #TRANS 1930 {} -500.13
   #TRANS 1799 {} 500.13
}
#VER A 2846 20220319 Trafikkontor/20-07-18 20200720
{
   #TRANS 1930 {} -10.00
   #TRANS 1799 {} 10.00
}
#VER A 2847 20220319 Tim vestin 20200721
{
   #TRANS 1930 {} 100000.00
   #TRANS 1910 {} -100000.00
}
#VER A 2848 20220319 Bg 222-9698 20200721
{
   #TRANS 1930 {} 10000.00
   #TRANS 1910 {} -10000.00
}
#VER A 2849 20220319 Ingo fittja /20-07-20 20200721
{
   #TRANS 1930 {} -200.08
   #TRANS 1799 {} 200.08
}
#VER A 2850 20220319 46707982605 20200722
{
   #TRANS 1930 {} 1500.00
   #TRANS 1910 {} -1500.00
}
#VER A 2851 20220319 Tele2 sverige AB att: ku 20200722
{
   #TRANS 1930 {} -798.00
   #TRANS 1799 {} 798.00
}
#VER A 2852 20220319 Biltema swed/20-07-21 20200722
{
   #TRANS 1930 {} -79.90
   #TRANS 1799 {} 79.90
}
#VER A 2853 20220319 Deck-skotten/20-07-21 20200722
{
   #TRANS 1930 {} -1200.00
   #TRANS 1799 {} 1200.00
}
#VER A 2854 20220319 Easypark    /20-07-22 20200723
{
   #TRANS 1930 {} -43.88
   #TRANS 1799 {} 43.88
}
#VER A 2855 20220319 Apartment 08 20200724
{
   #TRANS 1930 {} 10000.00
   #TRANS 1910 {} -10000.00
}
#VER A 2856 20220319 Biltema swed/20-07-23 20200724
{
   #TRANS 1930 {} -199.80
   #TRANS 1799 {} 199.80
}
#VER A 2857 20220319 Circle k kni/20-07-24 20200727
{
   #TRANS 1930 {} -500.14
   #TRANS 1799 {} 500.14
}
#VER A 2858 20220319 46738045445 20200727
{
   #TRANS 1930 {} 12000.00
   #TRANS 1910 {} -12000.00
}
#VER A 2859 20220319 Fordonsskatt transportst 20200728
{
   #TRANS 1930 {} -1906.00
   #TRANS 1630 {} 1906.00
}
#VER A 2860 20220319 Alektum group b2c/klient 20200728
{
   #TRANS 1930 {} -1212.86
   #TRANS 1799 {} 1212.86
}
#VER A 2861 20220319 46707387386 20200728
{
   #TRANS 1930 {} 105601.00
   #TRANS 1910 {} -105601.00
}
#VER A 2862 20220319 Yokab AB 20200729
{
   #TRANS 1930 {} -9500.00
   #TRANS 1799 {} 9500.00
}
#VER A 2863 20220319 Homerental nordic AB 20200729
{
   #TRANS 1930 {} -11600.00
   #TRANS 1799 {} 11600.00
}
#VER A 2864 20220319 Banktjänster 20200729
{
   #TRANS 1930 {} -165.00
   #TRANS 6570 {} 165.00
}
#VER A 2865 20220319 Circle k sol/20-07-28 20200729
{
   #TRANS 1930 {} -500.12
   #TRANS 1799 {} 500.12
}
#VER A 2866 20220319 Easypark    /20-07-28 20200729
{
   #TRANS 1930 {} -23.90
   #TRANS 1799 {} 23.90
}
#VER A 2867 20220319 Hornbach byg/20-07-28 20200729
{
   #TRANS 1930 {} -402.00
   #TRANS 1799 {} 402.00
}
#VER A 2868 20220319 St1 alby    /20-07-28 20200729
{
   #TRANS 1930 {} -200.05
   #TRANS 1799 {} 200.05
}
#VER A 2869 20220319 Bg 222-9698 20200730
{
   #TRANS 1930 {} 150500.00
   #TRANS 1910 {} -150500.00
}
#VER A 2870 20220319 Bauhaus botk/20-07-29 20200730
{
   #TRANS 1930 {} -539.75
   #TRANS 1799 {} 539.75
}
#VER A 2871 20220319 Bauhaus botk/20-07-29 20200730
{
   #TRANS 1930 {} -4110.75
   #TRANS 1799 {} 4110.75
}
#VER A 2872 20220319 Biltema swed/20-07-29 20200730
{
   #TRANS 1930 {} -139.00
   #TRANS 1799 {} 139.00
}
#VER A 2873 20220319 Move inn företagsbostäde 20200731
{
   #TRANS 1930 {} -12500.00
   #TRANS 1799 {} 12500.00
}
#VER A 2874 20220319 Bauhaus botk/20-07-30 20200731
{
   #TRANS 1930 {} -880.95
   #TRANS 1799 {} 880.95
}
#VER A 2875 20220319 Bauhaus botk/20-07-31 20200803
{
   #TRANS 1930 {} -5662.00
   #TRANS 1799 {} 5662.00
}
#VER A 2876 20220319 Bauhaus botk/20-07-31 20200803
{
   #TRANS 1930 {} -511.60
   #TRANS 1799 {} 511.60
}
#VER A 2877 20220319 St1 botkyrka/20-07-31 20200803
{
   #TRANS 1930 {} -400.11
   #TRANS 1799 {} 400.11
}
#VER A 2878 20220319 If skadeförs 20200803
{
   #TRANS 1930 {} -1839.00
   #TRANS 1799 {} 1839.00
}
#VER A 2879 20220319 Bg 222-9698 20200803
{
   #TRANS 1930 {} 10000.00
   #TRANS 1910 {} -10000.00
}
#VER A 2880 20220319 Exploria AB /20-08-01 20200803
{
   #TRANS 1930 {} -450.00
   #TRANS 1799 {} 450.00
}
#VER A 2881 20220319 Biltema swed/20-08-02 20200803
{
   #TRANS 1930 {} -74.90
   #TRANS 1799 {} 74.90
}
#VER A 2882 20220319 Okq8        /20-08-01 20200804
{
   #TRANS 1930 {} -519.00
   #TRANS 1799 {} 519.00
}
#VER A 2883 20220319 Okq8        /20-08-02 20200804
{
   #TRANS 1930 {} -329.00
   #TRANS 1799 {} 329.00
}
#VER A 2884 20220319 Preem       /20-08-03 20200804
{
   #TRANS 1930 {} -400.00
   #TRANS 1799 {} 400.00
}
#VER A 2885 20220319 Cafe rosenhi/20-08-03 20200804
{
   #TRANS 1930 {} -114.00
   #TRANS 1799 {} 114.00
}
#VER A 2886 20220319 Shell upplan/20-08-04 20200805
{
   #TRANS 1930 {} -704.18
   #TRANS 1799 {} 704.18
}
#VER A 2887 20220319 Jula AB     /20-07-30 20200806
{
   #TRANS 1930 {} -139.70
   #TRANS 1799 {} 139.70
}
#VER A 2888 20220319 Jula AB     /20-07-30 20200806
{
   #TRANS 1930 {} -1970.60
   #TRANS 1799 {} 1970.60
}
#VER A 2889 20220319 Jula AB     /20-07-30 20200806
{
   #TRANS 1930 {} -1196.00
   #TRANS 1799 {} 1196.00
}
#VER A 2890 20220319 Jula AB     /20-08-01 20200806
{
   #TRANS 1930 {} -446.00
   #TRANS 1799 {} 446.00
}
#VER A 2891 20220319 Netflix com /20-08-07 20200807
{
   #TRANS 1930 {} -159.00
   #TRANS 1799 {} 159.00
}
#VER A 2892 20220319 8006561918  /20-08-06 20200807
{
   #TRANS 1930 {} -536.43
   #TRANS 1799 {} 536.43
}
#VER A 2893 20220319 Bauhaus botk/20-08-07 20200810
{
   #TRANS 1930 {} -780.90
   #TRANS 1799 {} 780.90
}
#VER A 2894 20220319 825784234672 20200810
{
   #TRANS 1930 {} -1436.00
   #TRANS 1799 {} 1436.00
}
#VER A 2895 20220319 Voi technolo/20-08-09 20200810
{
   #TRANS 1930 {} -115.00
   #TRANS 1799 {} 115.00
}
#VER A 2896 20220319 Voi technolo/20-08-09 20200810
{
   #TRANS 1930 {} -34.00
   #TRANS 1799 {} 34.00
}
#VER A 2897 20220319 Okq8        /20-08-07 20200811
{
   #TRANS 1930 {} -600.11
   #TRANS 1799 {} 600.11
}
#VER A 2898 20220319 Överfört 20200812
{
   #TRANS 1930 {} 35000.00
   #TRANS 1910 {} -35000.00
}
#VER A 2899 20220319 Voi technolo/20-08-11 20200812
{
   #TRANS 1930 {} -35.00
   #TRANS 1799 {} 35.00
}
#VER A 2900 20220319 St1 botkyrka/20-08-13 20200814
{
   #TRANS 1930 {} -301.50
   #TRANS 1799 {} 301.50
}
#VER A 2901 20220319 Shell uppsal/20-08-15 20200817
{
   #TRANS 1930 {} -500.19
   #TRANS 1799 {} 500.19
}
#VER A 2902 20220319 Voi technolo/20-08-18 20200819
{
   #TRANS 1930 {} -25.00
   #TRANS 1799 {} 25.00
}
#VER A 2903 20220319 Jula AB     /20-08-19 20200820
{
   #TRANS 1930 {} -149.00
   #TRANS 1799 {} 149.00
}
#VER A 2904 20220319 Ingo soderte/20-08-19 20200820
{
   #TRANS 1930 {} -300.33
   #TRANS 1799 {} 300.33
}
#VER A 2905 20220319 Biltema mora/20-08-19 20200820
{
   #TRANS 1930 {} -216.60
   #TRANS 1799 {} 216.60
}
#VER A 2906 20220319 Jula AB     /20-08-21 20200824
{
   #TRANS 1930 {} -139.80
   #TRANS 1799 {} 139.80
}
#VER A 2907 20220319 Maxi ica sto/20-08-21 20200824
{
   #TRANS 1930 {} -59.90
   #TRANS 1799 {} 59.90
}
#VER A 2908 20220319 Bauhaus botk/20-08-21 20200824
{
   #TRANS 1930 {} -84.95
   #TRANS 1799 {} 84.95
}
#VER A 2909 20220319 Preem       /20-08-21 20200824
{
   #TRANS 1930 {} -300.05
   #TRANS 1799 {} 300.05
}
#VER A 2910 20220319 46738045445 20200825
{
   #TRANS 1930 {} 12000.00
   #TRANS 1910 {} -12000.00
}
#VER A 2911 20220319 Okq8        /20-08-23 20200825
{
   #TRANS 1930 {} -600.24
   #TRANS 1799 {} 600.24
}
#VER A 2912 20220319 Aut12:43 ins 20200828
{
   #TRANS 1930 {} 9000.00
   #TRANS 1910 {} -9000.00
}
#VER A 2913 20220319 Circle k sto/20-08-27 20200828
{
   #TRANS 1930 {} -300.69
   #TRANS 1799 {} 300.69
}
#VER A 2914 20220319 Oob sodertal/20-08-27 20200828
{
   #TRANS 1930 {} -315.00
   #TRANS 1799 {} 315.00
}
#VER A 2915 20220319 Bauhaus lenn/20-08-28 20200831
{
   #TRANS 1930 {} -5386.00
   #TRANS 1799 {} 5386.00
}
#VER A 2916 20220319 52870346670 20200831
{
   #TRANS 1930 {} -10000.00
   #TRANS 1799 {} 10000.00
}
#VER A 2917 20220319 3 (hi3g access AB) 20200831
{
   #TRANS 1930 {} -705.00
   #TRANS 1799 {} 705.00
}
#VER A 2918 20220319 Visma financial solution 20200831
{
   #TRANS 1930 {} -295.00
   #TRANS 1799 {} 295.00
}
#VER A 2919 20220319 Tele2 sverige AB att: ku 20200831
{
   #TRANS 1930 {} -1040.00
   #TRANS 1799 {} 1040.00
}
#VER A 2920 20220319 Lowell sverige AB 20200831
{
   #TRANS 1930 {} -579.00
   #TRANS 1799 {} 579.00
}
#VER A 2921 20220319 Alektum group b2c/klient 20200831
{
   #TRANS 1930 {} -1156.72
   #TRANS 1799 {} 1156.72
}
#VER A 2922 20220319 Svea ekonomi AB 20200831
{
   #TRANS 1930 {} -2738.00
   #TRANS 1799 {} 2738.00
}
#VER A 2923 20220319 Fordonsskatt transportst 20200831
{
   #TRANS 1930 {} -65.00
   #TRANS 1630 {} 65.00
}
#VER A 2924 20220319 Göteborg energi din el a 20200831
{
   #TRANS 1930 {} -106.00
   #TRANS 1799 {} 106.00
}
#VER A 2925 20220319 Göteborg energi din el a 20200831
{
   #TRANS 1930 {} -115.00
   #TRANS 1799 {} 115.00
}
#VER A 2926 20220319 Autoconcept insurance AB 20200831
{
   #TRANS 1930 {} -4140.00
   #TRANS 2893 {} 4140.00
}
#VER A 2927 20220319 Energikundservice sverig 20200831
{
   #TRANS 1930 {} -229.00
   #TRANS 1799 {} 229.00
}
#VER A 2928 20220319 Banktjänster 20200831
{
   #TRANS 1930 {} -156.50
   #TRANS 6570 {} 156.50
}
#VER A 2929 20220319 Circle k sto/20-08-30 20200831
{
   #TRANS 1930 {} -500.03
   #TRANS 1799 {} 500.03
}
#VER A 2930 20220319 If skadeförs 20200901
{
   #TRANS 1930 {} -1839.00
   #TRANS 1799 {} 1839.00
}
#VER A 2931 20220319 Mekonomen   /20-08-31 20200901
{
   #TRANS 1930 {} -241.00
   #TRANS 1799 {} 241.00
}
#VER A 2932 20220319 Taxi nykopin/20-08-31 20200901
{
   #TRANS 1930 {} -444.00
   #TRANS 1799 {} 444.00
}
#VER A 2933 20220319 53640166280 20200901
{
   #TRANS 1930 {} -9000.00
   #TRANS 1799 {} 9000.00
}
#VER A 2934 20220319 Move inn företagsbostäde 20200902
{
   #TRANS 1930 {} -12500.00
   #TRANS 1799 {} 12500.00
}
#VER A 2935 20220319 Felparkeringsavgift tran 20200902
{
   #TRANS 1930 {} -850.00
   #TRANS 1799 {} 850.00
}
#VER A 2936 20220319 Homerental nordic AB 20200902
{
   #TRANS 1930 {} -11600.00
   #TRANS 1799 {} 11600.00
}
#VER A 2937 20220319 Okq8        /20-09-01 20200902
{
   #TRANS 1930 {} -200.19
   #TRANS 1799 {} 200.19
}
#VER A 2938 20220319 Bisnode sverige AB 20200903
{
   #TRANS 1930 {} -335.00
   #TRANS 1799 {} 335.00
}
#VER A 2939 20220319 Circle k sol/20-09-02 20200903
{
   #TRANS 1930 {} -842.27
   #TRANS 1799 {} 842.27
}
#VER A 2940 20220319 Circle k tum/20-09-03 20200904
{
   #TRANS 1930 {} -1039.00
   #TRANS 1799 {} 1039.00
}
#VER A 2941 20220319 Circle k tum/20-09-03 20200904
{
   #TRANS 1930 {} -720.00
   #TRANS 1799 {} 720.00
}
#VER A 2942 20220319 Byggmax/1301/20-09-03 20200904
{
   #TRANS 1930 {} -4511.24
   #TRANS 1799 {} 4511.24
}
#VER A 2943 20220319 Rusta infra /20-09-03 20200904
{
   #TRANS 1930 {} -169.00
   #TRANS 1799 {} 169.00
}
#VER A 2944 20220319 Circle k tum/20-09-04 20200907
{
   #TRANS 1930 {} -952.00
   #TRANS 1799 {} 952.00
}
#VER A 2945 20220319 Circle k tum/20-09-04 20200907
{
   #TRANS 1930 {} -420.13
   #TRANS 1799 {} 420.13
}
#VER A 2946 20220319 Byggmax/1301/20-09-06 20200907
{
   #TRANS 1930 {} -550.20
   #TRANS 1799 {} 550.20
}
#VER A 2947 20220319 Atm kontante/20-09-07 20200908
{
   #TRANS 1930 {} -2000.00
   #TRANS 1799 {} 2000.00
}
#VER A 2948 20220319 Atm kontante/20-09-07 20200908
{
   #TRANS 1930 {} -1500.00
   #TRANS 1799 {} 1500.00
}
#VER A 2949 20220319 Shell upplan/20-09-07 20200908
{
   #TRANS 1930 {} -200.93
   #TRANS 1799 {} 200.93
}
#VER A 2950 20220319 Netflix com /20-09-07 20200908
{
   #TRANS 1930 {} 159.00
   #TRANS 1910 {} -159.00
}
#VER A 2951 20220319 Netflix com /20-09-07 20200908
{
   #TRANS 1930 {} 159.00
   #TRANS 1910 {} -159.00
}
#VER A 2952 20220319 Biltema mora/20-09-08 20200909
{
   #TRANS 1930 {} -89.90
   #TRANS 1799 {} 89.90
}
#VER A 2953 20220319 Biltema swed/20-09-08 20200909
{
   #TRANS 1930 {} -280.80
   #TRANS 1799 {} 280.80
}
#VER A 2954 20220319 53640166280 20200910
{
   #TRANS 1930 {} -10000.00
   #TRANS 1799 {} 10000.00
}
#VER A 2955 20220319 Alektum group b2c/klient 20200911
{
   #TRANS 1930 {} -1159.39
   #TRANS 1799 {} 1159.39
}
#VER A 2956 20220319 Iz  arimax s/20-09-10 20200911
{
   #TRANS 1930 {} -170.00
   #TRANS 1799 {} 170.00
}
#VER A 2957 20220319 Shell sollen/20-09-10 20200911
{
   #TRANS 1930 {} -500.29
   #TRANS 1799 {} 500.29
}
#VER A 2958 20220319 St1 botkyrka/20-09-10 20200911
{
   #TRANS 1930 {} -500.05
   #TRANS 1799 {} 500.05
}
#VER A 2959 20220319 Okq8        /20-09-11 20200914
{
   #TRANS 1930 {} -200.00
   #TRANS 1799 {} 200.00
}
#VER A 2960 20220319 Byggmax/1301/20-09-11 20200914
{
   #TRANS 1930 {} -191.90
   #TRANS 1799 {} 191.90
}
#VER A 2961 20220319 53640166280 20200914
{
   #TRANS 1930 {} -10000.00
   #TRANS 1799 {} 10000.00
}
#VER A 2962 20220319 Jula AB     /20-09-13 20200914
{
   #TRANS 1930 {} -648.60
   #TRANS 1799 {} 648.60
}
#VER A 2963 20220319 Circle k kis/20-09-13 20200914
{
   #TRANS 1930 {} -589.00
   #TRANS 1799 {} 589.00
}
#VER A 2964 20220319 Circle k kis/20-09-13 20200914
{
   #TRANS 1930 {} -113.53
   #TRANS 1799 {} 113.53
}
#VER A 2965 20220319 Bauhaus botk/20-09-12 20200914
{
   #TRANS 1930 {} -2802.10
   #TRANS 1799 {} 2802.10
}
#VER A 2966 20220319 Bauhaus botk/20-09-13 20200914
{
   #TRANS 1930 {} -848.00
   #TRANS 1799 {} 848.00
}
#VER A 2967 20220319 Shell norsbo/20-09-14 20200915
{
   #TRANS 1930 {} -200.14
   #TRANS 1799 {} 200.14
}
#VER A 2968 20220319 Okq8        /20-09-14 20200916
{
   #TRANS 1930 {} -80.00
   #TRANS 1799 {} 80.00
}
#VER A 2969 20220319 Okq8        /20-09-15 20200916
{
   #TRANS 1930 {} -60.00
   #TRANS 1799 {} 60.00
}
#VER A 2970 20220319 Byggmax/1301/20-09-15 20200916
{
   #TRANS 1930 {} -189.90
   #TRANS 1799 {} 189.90
}
#VER A 2971 20220319 Byggmax/1301/20-09-15 20200916
{
   #TRANS 1930 {} -39.95
   #TRANS 1799 {} 39.95
}
#VER A 2972 20220319 Byggmax/1301/20-09-15 20200916
{
   #TRANS 1930 {} -353.95
   #TRANS 1799 {} 353.95
}
#VER A 2973 20220319 Okq8        /20-09-15 20200917
{
   #TRANS 1930 {} -600.11
   #TRANS 1799 {} 600.11
}
#VER A 2974 20220319 Byggmax/1301/20-09-16 20200917
{
   #TRANS 1930 {} -747.95
   #TRANS 1799 {} 747.95
}
#VER A 2975 20220319 Sf fastighets 11 i marie 20200918
{
   #TRANS 1930 {} -30045.00
   #TRANS 1799 {} 30045.00
}
#VER A 2976 20220319 K-rauta /sod/20-09-17 20200918
{
   #TRANS 1930 {} -29.90
   #TRANS 1799 {} 29.90
}
#VER A 2977 20220319 Biltema mora/20-09-17 20200918
{
   #TRANS 1930 {} -229.00
   #TRANS 1799 {} 229.00
}
#VER A 2978 20220319 Byggmax/1301/20-09-18 20200921
{
   #TRANS 1930 {} -546.90
   #TRANS 1799 {} 546.90
}
#VER A 2979 20220319 Voi technolo/20-09-18 20200921
{
   #TRANS 1930 {} -37.50
   #TRANS 1799 {} 37.50
}
#VER A 2980 20220319 Jula AB     /20-09-20 20200921
{
   #TRANS 1930 {} -549.40
   #TRANS 1799 {} 549.40
}
#VER A 2981 20220319 Bauhaus botk/20-09-20 20200921
{
   #TRANS 1930 {} -423.00
   #TRANS 1799 {} 423.00
}
#VER A 2982 20220319 Biltema mora/20-09-19 20200921
{
   #TRANS 1930 {} -602.50
   #TRANS 1799 {} 602.50
}
#VER A 2983 20220319 Okq8        /20-09-20 20200922
{
   #TRANS 1930 {} -500.34
   #TRANS 1799 {} 500.34
}
#VER A 2984 20220319 Bauhaus botk/20-09-22 20200923
{
   #TRANS 1930 {} -3109.00
   #TRANS 1799 {} 3109.00
}
#VER A 2985 20220319 Byggmax/1301/20-09-23 20200924
{
   #TRANS 1930 {} -139.00
   #TRANS 1799 {} 139.00
}
#VER A 2986 20220319 Biltema mora/20-09-23 20200924
{
   #TRANS 1930 {} -91.60
   #TRANS 1799 {} 91.60
}
#VER A 2987 20220319 Bauhaus sick/20-09-24 20200925
{
   #TRANS 1930 {} -3648.80
   #TRANS 1799 {} 3648.80
}
#VER A 2988 20220319 46738045445 20200928
{
   #TRANS 1930 {} 12000.00
   #TRANS 1910 {} -12000.00
}
#VER A 2989 20220319 Shell sollen/20-09-26 20200928
{
   #TRANS 1930 {} -500.29
   #TRANS 1799 {} 500.29
}
#VER A 2990 20220319 Tele2 sverige AB att: ku 20200929
{
   #TRANS 1930 {} -633.00
   #TRANS 1799 {} 633.00
}
#VER A 2991 20220319 Banktjänster 20200929
{
   #TRANS 1930 {} -154.50
   #TRANS 6570 {} 154.50
}
#VER A 2992 20220319 Biltema mora/20-09-28 20200929
{
   #TRANS 1930 {} -1058.00
   #TRANS 1799 {} 1058.00
}
#VER A 2993 20220319 Biltema swed/20-09-28 20200929
{
   #TRANS 1930 {} -3703.00
   #TRANS 1799 {} 3703.00
}
#VER A 2994 20220319 Trängselskatt transports 20200930
{
   #TRANS 1930 {} -655.00
   #TRANS 1630 {} 655.00
}
#VER A 2995 20220319 Trängselskatt transports 20200930
{
   #TRANS 1930 {} -995.00
   #TRANS 1630 {} 995.00
}
#VER A 2996 20220319 Trängselskatt transports 20200930
{
   #TRANS 1930 {} -1025.00
   #TRANS 1630 {} 1025.00
}
#VER A 2997 20220319 Fordonsskatt transportst 20200930
{
   #TRANS 1930 {} -115.00
   #TRANS 1630 {} 115.00
}
#VER A 2998 20220319 Fordonsskatt transportst 20200930
{
   #TRANS 1930 {} -115.00
   #TRANS 1630 {} 115.00
}
#VER A 2999 20220319 Fordonsskatt transportst 20200930
{
   #TRANS 1930 {} -115.00
   #TRANS 1630 {} 115.00
}
#VER A 3000 20220319 Fordonsskatt transportst 20200930
{
   #TRANS 1930 {} -253.00
   #TRANS 1630 {} 253.00
}
#VER A 3001 20220319 Fordonsskatt transportst 20200930
{
   #TRANS 1930 {} -806.00
   #TRANS 1630 {} 806.00
}
#VER A 3002 20220319 Felparkeringsavgift tran 20200930
{
   #TRANS 1930 {} -500.00
   #TRANS 1799 {} 500.00
}
#VER A 3003 20220319 Energikundservice sverig 20200930
{
   #TRANS 1930 {} -342.00
   #TRANS 1799 {} 342.00
}
#VER A 3004 20220319 Lowell sverige AB 20200930
{
   #TRANS 1930 {} -579.00
   #TRANS 1799 {} 579.00
}
#VER A 3005 20220319 Egs fyndmark/20-09-29 20200930
{
   #TRANS 1930 {} -167.40
   #TRANS 1799 {} 167.40
}
#VER A 3006 20220319 Ränta 20200930
{
   #TRANS 1930 {} -1768.75
   #TRANS 1799 {} 1768.75
}
#VER A 3007 20220319 If skadeförs 20201001
{
   #TRANS 1930 {} -1839.00
   #TRANS 1799 {} 1839.00
}
#VER A 3008 20220319 Aut12:03 20201001
{
   #TRANS 1930 {} -200.00
   #TRANS 2893 {} 200.00
}
#VER A 3009 20220319 Bauhaus botk/20-09-30 20201001
{
   #TRANS 1930 {} -3930.35
   #TRANS 1799 {} 3930.35
}
#VER A 3010 20220319 Bauhaus botk/20-09-30 20201001
{
   #TRANS 1930 {} -89.95
   #TRANS 1799 {} 89.95
}
#VER A 3011 20220319 Jula AB     /20-10-01 20201002
{
   #TRANS 1930 {} -2088.20
   #TRANS 1799 {} 2088.20
}
#VER A 3012 20220319 Shell norsbo/20-10-01 20201002
{
   #TRANS 1930 {} -597.78
   #TRANS 1799 {} 597.78
}
#VER A 3013 20220319 Jysk kungens/20-10-01 20201002
{
   #TRANS 1930 {} -280.00
   #TRANS 1799 {} 280.00
}
#VER A 3014 20220319 Biltema mora/20-10-02 20201005
{
   #TRANS 1930 {} -419.00
   #TRANS 1799 {} 419.00
}
#VER A 3015 20220319 Biltema swed/20-10-02 20201005
{
   #TRANS 1930 {} -571.80
   #TRANS 1799 {} 571.80
}
#VER A 3016 20220319 Biltema mora/20-10-04 20201005
{
   #TRANS 1930 {} -199.80
   #TRANS 1799 {} 199.80
}
#VER A 3017 20220319 Biltema mora/20-10-04 20201005
{
   #TRANS 1930 {} -38.00
   #TRANS 1799 {} 38.00
}
#VER A 3018 20220319 Bauhaus botk/20-10-03 20201005
{
   #TRANS 1930 {} -2995.00
   #TRANS 1799 {} 2995.00
}
#VER A 3019 20220319 Rusta borkyr/20-10-03 20201005
{
   #TRANS 1930 {} -398.00
   #TRANS 1799 {} 398.00
}
#VER A 3020 20220319 Jula AB     /20-10-05 20201006
{
   #TRANS 1930 {} -131.40
   #TRANS 1799 {} 131.40
}
#VER A 3021 20220319 Biltema mora/20-10-05 20201006
{
   #TRANS 1930 {} -64.90
   #TRANS 1799 {} 64.90
}
#VER A 3022 20220319 Biltema swed/20-10-05 20201006
{
   #TRANS 1930 {} -34.80
   #TRANS 1799 {} 34.80
}
#VER A 3023 20220319 Biltema swed/20-10-05 20201006
{
   #TRANS 1930 {} -1007.80
   #TRANS 1799 {} 1007.80
}
#VER A 3024 20220319 Hotelscom919/20-10-05 20201006
{
   #TRANS 1930 {} -1348.30
   #TRANS 1799 {} 1348.30
}
#VER A 3025 20220319 Jula AB     /20-10-07 20201008
{
   #TRANS 1930 {} -159.50
   #TRANS 1799 {} 159.50
}
#VER A 3026 20220319 Circle k kis/20-10-07 20201008
{
   #TRANS 1930 {} -400.67
   #TRANS 1799 {} 400.67
}
#VER A 3027 20220319 Trängselskatt transports 20201012
{
   #TRANS 1930 {} -1112.00
   #TRANS 1630 {} 1112.00
}
#VER A 3028 20220319 Bisnode sverige AB 20201012
{
   #TRANS 1930 {} -343.00
   #TRANS 1799 {} 343.00
}
#VER A 3029 20220319 Easypark    /20-10-11 20201012
{
   #TRANS 1930 {} -46.00
   #TRANS 1799 {} 46.00
}
#VER A 3030 20220319 Circle k kat/20-10-11 20201012
{
   #TRANS 1930 {} -602.30
   #TRANS 1799 {} 602.30
}
#VER A 3031 20220319 Biltema mora/20-10-12 20201013
{
   #TRANS 1930 {} -53.80
   #TRANS 1799 {} 53.80
}
#VER A 3032 20220319 Biltema swed/20-10-12 20201013
{
   #TRANS 1930 {} -1058.00
   #TRANS 1799 {} 1058.00
}
#VER A 3033 20220319 Biltema swed/20-10-12 20201013
{
   #TRANS 1930 {} -46.90
   #TRANS 1799 {} 46.90
}
#VER A 3034 20220319 Com hem 20201014
{
   #TRANS 1930 {} -594.00
   #TRANS 1799 {} 594.00
}
#VER A 3035 20220319 Sergel kredittjänster AB 20201014
{
   #TRANS 1930 {} -1469.00
   #TRANS 1799 {} 1469.00
}
#VER A 3036 20220319 Biltema swed/20-10-13 20201014
{
   #TRANS 1930 {} 1058.00
   #TRANS 1910 {} -1058.00
}
#VER A 3037 20220319 Inteleon AB 20201015
{
   #TRANS 1930 {} -172.00
   #TRANS 1799 {} 172.00
}
#VER A 3038 20220319 Sector alarm företag/pay 20201015
{
   #TRANS 1930 {} -2567.50
   #TRANS 1799 {} 2567.50
}
#VER A 3039 20220319 Felparkeringsavgift tran 20201015
{
   #TRANS 1930 {} -900.00
   #TRANS 1799 {} 900.00
}
#VER A 3040 20220319 Energikundservice sverig 20201015
{
   #TRANS 1930 {} -86.00
   #TRANS 1799 {} 86.00
}
#VER A 3041 20220319 Göteborg energi din el a 20201015
{
   #TRANS 1930 {} -182.00
   #TRANS 1799 {} 182.00
}
#VER A 3042 20220319 Göteborg energi din el a 20201015
{
   #TRANS 1930 {} -332.00
   #TRANS 1799 {} 332.00
}
#VER A 3043 20220319 Lowell sverige AB 20201015
{
   #TRANS 1930 {} -579.00
   #TRANS 1799 {} 579.00
}
#VER A 3044 20220319 Svea inkasso AB 20201015
{
   #TRANS 1930 {} -525.00
   #TRANS 1799 {} 525.00
}
#VER A 3045 20220319 Move inn företagsbostäde 20201016
{
   #TRANS 1930 {} -12500.00
   #TRANS 1799 {} 12500.00
}
#VER A 3046 20220319 Move inn företagsbostäde 20201016
{
   #TRANS 1930 {} -12500.00
   #TRANS 1799 {} 12500.00
}
#VER A 3047 20220319 Homerental nordic AB 20201016
{
   #TRANS 1930 {} -11600.00
   #TRANS 1799 {} 11600.00
}
#VER A 3048 20220319 Clas ohlson /20-10-17 20201019
{
   #TRANS 1930 {} -239.70
   #TRANS 1799 {} 239.70
}
#VER A 3049 20220319 Fordonsskatt transportst 20201020
{
   #TRANS 1930 {} -65.00
   #TRANS 1630 {} 65.00
}
#VER A 3050 20220319 Fordonsskatt transportst 20201020
{
   #TRANS 1930 {} -65.00
   #TRANS 1630 {} 65.00
}
#VER A 3051 20220319 Godel i sverige AB 20201020
{
   #TRANS 1930 {} -93.00
   #TRANS 1799 {} 93.00
}
#VER A 3052 20220319 Svea inkasso AB 20201020
{
   #TRANS 1930 {} -182.00
   #TRANS 1799 {} 182.00
}
#VER A 3053 20220319 Biltema mora/20-10-19 20201020
{
   #TRANS 1930 {} -126.80
   #TRANS 1799 {} 126.80
}
#VER A 3054 20220319 Autodoc - 38/20-10-20 20201021
{
   #TRANS 1930 {} -2269.74
   #TRANS 2893 {} 2269.74
}
#VER A 3055 20220319 St1 alby    /20-10-20 20201021
{
   #TRANS 1930 {} -200.32
   #TRANS 1799 {} 200.32
}
#VER A 3056 20220319 Tele2 sverige AB att: ku 20201022
{
   #TRANS 1930 {} -353.00
   #TRANS 1799 {} 353.00
}
#VER A 3057 20220319 Easypark    /20-10-22 20201023
{
   #TRANS 1930 {} -14.25
   #TRANS 1799 {} 14.25
}
#VER A 3058 20220319 Biltema mora/20-10-22 20201023
{
   #TRANS 1930 {} -242.40
   #TRANS 1799 {} 242.40
}
#VER A 3059 20220319 46738045445 20201026
{
   #TRANS 1930 {} 12000.00
   #TRANS 1910 {} -12000.00
}
#VER A 3060 20220319 Bg 222-9698 20201028
{
   #TRANS 1930 {} 10000.00
   #TRANS 1910 {} -10000.00
}
#VER A 3061 20220319 Homerental nordic AB 20201029
{
   #TRANS 1930 {} -11600.00
   #TRANS 1799 {} 11600.00
}
#VER A 3062 20220319 Banktjänster 20201029
{
   #TRANS 1930 {} -151.50
   #TRANS 6570 {} 151.50
}
#VER A 3063 20220319 Okq8        /20-10-28 20201029
{
   #TRANS 1930 {} -557.88
   #TRANS 1799 {} 557.88
}
#VER A 3064 20220319 Intrum sverige AB 20201030
{
   #TRANS 1930 {} -1166.49
   #TRANS 1799 {} 1166.49
}
#VER A 3065 20220319 If skadeförs 20201102
{
   #TRANS 1930 {} -1839.00
   #TRANS 1799 {} 1839.00
}
#VER A 3066 20220319 Jarn & fargh/20-10-30 20201102
{
   #TRANS 1930 {} -76.90
   #TRANS 1799 {} 76.90
}
#VER A 3067 20220319 Kostnad 20201103
{
   #TRANS 1930 {} -22.00
   #TRANS 1799 {} 22.00
}
#VER A 3068 20220319 H03430978010 20201103
{
   #TRANS 1930 {} 2500.00
   #TRANS 1910 {} -2500.00
}
#VER A 3069 20220319 Okq8        /20-11-02 20201103
{
   #TRANS 1930 {} -300.45
   #TRANS 1799 {} 300.45
}
#VER A 3070 20220319 Bilprovning /20-11-02 20201103
{
   #TRANS 1930 {} -1590.00
   #TRANS 1799 {} 1590.00
}
#VER A 3071 20220319 Trängselskatt transports 20201104
{
   #TRANS 1930 {} -72.00
   #TRANS 1630 {} 72.00
}
#VER A 3072 20220319 Trängselskatt transports 20201104
{
   #TRANS 1930 {} -151.00
   #TRANS 1630 {} 151.00
}
#VER A 3073 20220319 Trängselskatt transports 20201104
{
   #TRANS 1930 {} -239.00
   #TRANS 1630 {} 239.00
}
#VER A 3074 20220319 Trängselskatt transports 20201104
{
   #TRANS 1930 {} -326.00
   #TRANS 1630 {} 326.00
}
#VER A 3075 20220319 Trängselskatt transports 20201104
{
   #TRANS 1930 {} -435.00
   #TRANS 1630 {} 435.00
}
#VER A 3076 20220319 Trängselskatt transports 20201104
{
   #TRANS 1930 {} -515.00
   #TRANS 1630 {} 515.00
}
#VER A 3077 20220319 Trängselskatt transports 20201104
{
   #TRANS 1930 {} -860.00
   #TRANS 1630 {} 860.00
}
#VER A 3078 20220319 Fordonsskatt transportst 20201104
{
   #TRANS 1930 {} -65.00
   #TRANS 1630 {} 65.00
}
#VER A 3079 20220319 Com hem 20201104
{
   #TRANS 1930 {} -404.00
   #TRANS 1799 {} 404.00
}
#VER A 3080 20220319 Svea inkasso AB 20201104
{
   #TRANS 1930 {} -2761.00
   #TRANS 1799 {} 2761.00
}
#VER A 3081 20220319 Jarn & fargh/20-11-06 20201109
{
   #TRANS 1930 {} -95.00
   #TRANS 1799 {} 95.00
}
#VER A 3082 20220319 Bauhaus botk/20-11-06 20201109
{
   #TRANS 1930 {} -1331.10
   #TRANS 1799 {} 1331.10
}
#VER A 3083 20220319 Easypark    /20-11-08 20201109
{
   #TRANS 1930 {} -11.95
   #TRANS 1799 {} 11.95
}
#VER A 3084 20220319 Biltema mora/20-11-08 20201109
{
   #TRANS 1930 {} -131.80
   #TRANS 1799 {} 131.80
}
#VER A 3085 20220319 Biltema swed/20-11-08 20201109
{
   #TRANS 1930 {} -629.00
   #TRANS 1799 {} 629.00
}
#VER A 3086 20220319 Kuntze      /20-11-06 20201109
{
   #TRANS 1930 {} -975.00
   #TRANS 1799 {} 975.00
}
#VER A 3087 20220319 Circle k sol/20-11-09 20201110
{
   #TRANS 1930 {} -200.32
   #TRANS 1799 {} 200.32
}
#VER A 3088 20220319 Autoconcept insurance AB 20201111
{
   #TRANS 1930 {} -1488.00
   #TRANS 2893 {} 1488.00
}
#VER A 3089 20220319 Easypark    /20-11-09 20201111
{
   #TRANS 1930 {} -23.90
   #TRANS 1799 {} 23.90
}
#VER A 3090 20220319 M.g assist bilservice AB 20201112
{
   #TRANS 1930 {} -3750.00
   #TRANS 1799 {} 3750.00
}
#VER A 3091 20220319 Biltema swed/20-11-11 20201112
{
   #TRANS 1930 {} -59.90
   #TRANS 1799 {} 59.90
}
#VER A 3092 20220319 Circle k kis/20-11-11 20201112
{
   #TRANS 1930 {} -201.47
   #TRANS 1799 {} 201.47
}
#VER A 3093 20220319 Mekonomen de/20-11-11 20201112
{
   #TRANS 1930 {} -317.90
   #TRANS 1799 {} 317.90
}
#VER A 3094 20220319 Klarna  skru/20-11-11 20201112
{
   #TRANS 1930 {} -878.75
   #TRANS 1799 {} 878.75
}
#VER A 3095 20220319 Parkering gö/20-11-13 20201116
{
   #TRANS 1930 {} -44.00
   #TRANS 1799 {} 44.00
}
#VER A 3096 20220319 Hotelscom920/20-11-13 20201116
{
   #TRANS 1930 {} -1752.01
   #TRANS 1799 {} 1752.01
}
#VER A 3097 20220319 Elite park a/20-11-13 20201116
{
   #TRANS 1930 {} 1489.20
   #TRANS 1910 {} -1489.20
}
#VER A 3098 20220319 Parkering gö/20-11-14 20201116
{
   #TRANS 1930 {} -44.00
   #TRANS 1799 {} 44.00
}
#VER A 3099 20220319 Shell nyköpi/20-11-15 20201116
{
   #TRANS 1930 {} -300.01
   #TRANS 1799 {} 300.01
}
#VER A 3100 20220319 Ingo fittja /20-11-17 20201118
{
   #TRANS 1930 {} -500.05
   #TRANS 1799 {} 500.05
}
#VER A 3101 20220319 Biltema swed/20-11-19 20201120
{
   #TRANS 1930 {} -189.00
   #TRANS 1799 {} 189.00
}
#VER A 3102 20220319 Okq8        /20-11-13 20201123
{
   #TRANS 1930 {} -671.29
   #TRANS 1799 {} 671.29
}
#VER A 3103 20220319 St1 tumba   /20-11-21 20201123
{
   #TRANS 1930 {} -725.38
   #TRANS 1799 {} 725.38
}
#VER A 3104 20220319 Tele2 sverige AB att: ku 20201124
{
   #TRANS 1930 {} -438.00
   #TRANS 1799 {} 438.00
}
#VER A 3105 20220319 Okq8        /20-11-21 20201124
{
   #TRANS 1930 {} -100.30
   #TRANS 1799 {} 100.30
}
#VER A 3106 20220319 Elite park a/20-11-24 20201125
{
   #TRANS 1930 {} -1489.20
   #TRANS 1799 {} 1489.20
}
#VER A 3107 20220319 46738045445 20201126
{
   #TRANS 1930 {} 12000.00
   #TRANS 1910 {} -12000.00
}
#VER A 3108 20220319 Fordonsskatt transportst 20201127
{
   #TRANS 1930 {} -65.00
   #TRANS 1630 {} 65.00
}
#VER A 3109 20220319 Fordonsskatt transportst 20201127
{
   #TRANS 1930 {} -65.00
   #TRANS 1630 {} 65.00
}
#VER A 3110 20220319 Fordonsskatt transportst 20201127
{
   #TRANS 1930 {} -65.00
   #TRANS 1630 {} 65.00
}
#VER A 3111 20220319 Fordonsskatt transportst 20201127
{
   #TRANS 1930 {} -1918.00
   #TRANS 1630 {} 1918.00
}
#VER A 3112 20220319 Com hem 20201127
{
   #TRANS 1930 {} -462.00
   #TRANS 1799 {} 462.00
}
#VER A 3113 20220319 Visma financial solution 20201127
{
   #TRANS 1930 {} -844.00
   #TRANS 1799 {} 844.00
}
#VER A 3114 20220319 Svea inkasso AB 20201127
{
   #TRANS 1930 {} -521.00
   #TRANS 1799 {} 521.00
}
#VER A 3115 20220319 Svea inkasso AB 20201127
{
   #TRANS 1930 {} -2759.00
   #TRANS 1799 {} 2759.00
}
#VER A 3116 20220319 53640166280 20201130
{
   #TRANS 1930 {} -15800.00
   #TRANS 1799 {} 15800.00
}
#VER A 3117 20220319 Louis vuitto/20-11-28 20201130
{
   #TRANS 1930 {} -15800.00
   #TRANS 1799 {} 15800.00
}
#VER A 3118 20220319 If skadeförs 20201201
{
   #TRANS 1930 {} -1839.00
   #TRANS 1799 {} 1839.00
}
#VER A 3119 20220319 Banktjänster 20201201
{
   #TRANS 1930 {} -157.50
   #TRANS 6570 {} 157.50
}
#VER A 3120 20220319 Car rental i/20-11-30 20201201
{
   #TRANS 1930 {} -800.00
   #TRANS 1799 {} 800.00
}
#VER A 3121 20220319 Trängselskatt transports 20201202
{
   #TRANS 1930 {} -518.00
   #TRANS 1630 {} 518.00
}
#VER A 3122 20220319 Homerental nordic AB 20201202
{
   #TRANS 1930 {} -11600.00
   #TRANS 1799 {} 11600.00
}
#VER A 3123 20220319 Okq8        /20-11-30 20201202
{
   #TRANS 1930 {} -500.20
   #TRANS 1799 {} 500.20
}
#VER A 3124 20220319 Mekonomen de/20-12-01 20201202
{
   #TRANS 1930 {} -1076.93
   #TRANS 1799 {} 1076.93
}
#VER A 3125 20220319 Plantigo se /20-12-02 20201203
{
   #TRANS 1930 {} -1233.00
   #TRANS 1799 {} 1233.00
}
#VER A 3126 20220319 46707595023 20201204
{
   #TRANS 1930 {} 3000.00
   #TRANS 1910 {} -3000.00
}
#VER A 3127 20220319 Okq8        /20-12-02 20201204
{
   #TRANS 1930 {} -200.07
   #TRANS 1799 {} 200.07
}
#VER A 3128 20220319 Mekonomen de/20-12-03 20201204
{
   #TRANS 1930 {} -317.09
   #TRANS 1799 {} 317.09
}
#VER A 3129 20220319 Dollarstore /20-12-02 20201207
{
   #TRANS 1930 {} -312.00
   #TRANS 1799 {} 312.00
}
#VER A 3130 20220319 Willys tumba/20-12-04 20201207
{
   #TRANS 1930 {} -428.70
   #TRANS 1799 {} 428.70
}
#VER A 3131 20220319 Biltema mora/20-12-06 20201207
{
   #TRANS 1930 {} -79.90
   #TRANS 1799 {} 79.90
}
#VER A 3132 20220319 Svea ekonomi AB 20201208
{
   #TRANS 1930 {} -2500.00
   #TRANS 1799 {} 2500.00
}
#VER A 3133 20220319 Svea ekonomi AB 20201208
{
   #TRANS 1930 {} -2500.00
   #TRANS 1799 {} 2500.00
}
#VER A 3134 20220319 Move inn företagsbostäde 20201208
{
   #TRANS 1930 {} -12500.00
   #TRANS 1799 {} 12500.00
}
#VER A 3135 20220319 Felparkeringsavgift tran 20201208
{
   #TRANS 1930 {} -900.00
   #TRANS 1799 {} 900.00
}
#VER A 3136 20220319 Felparkeringsavgift tran 20201208
{
   #TRANS 1930 {} -900.00
   #TRANS 1799 {} 900.00
}
#VER A 3137 20220319 Tele2 sverige AB 20201208
{
   #TRANS 1930 {} -714.00
   #TRANS 1799 {} 714.00
}
#VER A 3138 20220319 Autodoc     /20-12-07 20201208
{
   #TRANS 1930 {} -1043.29
   #TRANS 2893 {} 1043.29
}
#VER A 3139 20220319 Riddermark b/20-12-04 20201208
{
   #TRANS 1930 {} -3000.00
   #TRANS 1799 {} 3000.00
}
#VER A 3140 20220319 Ica nara var/20-12-08 20201209
{
   #TRANS 1930 {} -66.00
   #TRANS 1799 {} 66.00
}
#VER A 3141 20220319 Bauhaus botk/20-12-11 20201214
{
   #TRANS 1930 {} -855.00
   #TRANS 1799 {} 855.00
}
#VER A 3142 20220319 Biltema swed/20-12-11 20201214
{
   #TRANS 1930 {} -738.00
   #TRANS 1799 {} 738.00
}
#VER A 3143 20220319 M.g assist bilservice AB 20201214
{
   #TRANS 1930 {} -2250.00
   #TRANS 1799 {} 2250.00
}
#VER A 3144 20220319 Bisnode sverige AB 20201214
{
   #TRANS 1930 {} -338.00
   #TRANS 1799 {} 338.00
}
#VER A 3145 20220319 Svea inkasso AB 20201214
{
   #TRANS 1930 {} -37007.00
   #TRANS 1799 {} 37007.00
}
#VER A 3146 20220319 Jula AB     /20-12-13 20201214
{
   #TRANS 1930 {} -51.60
   #TRANS 1799 {} 51.60
}
#VER A 3147 20220319 Atm kontante/20-12-13 20201214
{
   #TRANS 1930 {} -2000.00
   #TRANS 1799 {} 2000.00
}
#VER A 3148 20220319 Atm kontante/20-12-13 20201214
{
   #TRANS 1930 {} -2000.00
   #TRANS 1799 {} 2000.00
}
#VER A 3149 20220319 Atm kontante/20-12-13 20201214
{
   #TRANS 1930 {} -2000.00
   #TRANS 1799 {} 2000.00
}
#VER A 3150 20220319 Biltema mora/20-12-13 20201214
{
   #TRANS 1930 {} -607.70
   #TRANS 1799 {} 607.70
}
#VER A 3151 20220319 300 auto AB 20201214
{
   #TRANS 1930 {} 4500.00
   #TRANS 1910 {} -4500.00
}
#VER A 3152 20220319 300 auto AB 20201214
{
   #TRANS 1930 {} 600.00
   #TRANS 1910 {} -600.00
}
#VER A 3153 20220319 Munich      /20-12-16 20201217
{
   #TRANS 1930 {} -104.99
   #TRANS 1799 {} 104.99
}
#VER A 3154 20220319 Sector alarm företag/pay 20201222
{
   #TRANS 1930 {} -1576.00
   #TRANS 1799 {} 1576.00
}
#VER A 3155 20220319 46738045445 20201228
{
   #TRANS 1930 {} 12000.00
   #TRANS 1910 {} -12000.00
}
#VER A 3156 20220319 Fordonsskatt transportst 20201228
{
   #TRANS 1930 {} -65.00
   #TRANS 1630 {} 65.00
}
#VER A 3157 20220319 Fordonsskatt transportst 20201228
{
   #TRANS 1930 {} -65.00
   #TRANS 1630 {} 65.00
}
#VER A 3158 20220319 Fordonsskatt transportst 20201228
{
   #TRANS 1930 {} -65.00
   #TRANS 1630 {} 65.00
}
#VER A 3159 20220319 Fordonsskatt transportst 20201228
{
   #TRANS 1930 {} -65.00
   #TRANS 1630 {} 65.00
}
#VER A 3160 20220319 Fordonsskatt transportst 20201228
{
   #TRANS 1930 {} -65.00
   #TRANS 1630 {} 65.00
}
#VER A 3161 20220319 Fordonsskatt transportst 20201228
{
   #TRANS 1930 {} -65.00
   #TRANS 1630 {} 65.00
}
#VER A 3162 20220319 Fordonsskatt transportst 20201228
{
   #TRANS 1930 {} -1354.00
   #TRANS 1630 {} 1354.00
}
#VER A 3163 20220319 Vattenfall kundservice a 20201228
{
   #TRANS 1930 {} -5337.55
   #TRANS 1799 {} 5337.55
}
#VER A 3164 20220319 Rusta - bark/20-12-26 20201228
{
   #TRANS 1930 {} -1248.20
   #TRANS 1799 {} 1248.20
}
#VER A 3165 20220319 Bg 222-9698 20201229
{
   #TRANS 1930 {} 135000.00
   #TRANS 1910 {} -135000.00
}
#VER A 3166 20220319 Lyp756 20201230
{
   #TRANS 1930 {} -52500.00
   #TRANS 1799 {} 52500.00
}
#VER A 3167 20220319 Lyp756 20201230
{
   #TRANS 1930 {} -82500.00
   #TRANS 1799 {} 82500.00
}
#VER A 3168 20220319 Banktjänster 20201230
{
   #TRANS 1930 {} -154.50
   #TRANS 6570 {} 154.50
}
#VER A 3169 20220319 Jarn & fargh/20-12-29 20201230
{
   #TRANS 1930 {} -189.00
   #TRANS 1799 {} 189.00
}
#VER A 3170 20220319 Okq8        /20-12-27 20201230
{
   #TRANS 1930 {} -200.06
   #TRANS 1799 {} 200.06
}
#VER A 3171 20220319 Ränta 20201230
{
   #TRANS 1930 {} -2926.50
   #TRANS 1799 {} 2926.50
}
#VER A 3172 20220319 Parkman i sverige AB 20210104
{
   #TRANS 1930 {} -60.00
   #TRANS 1799 {} 60.00
}
#VER A 3173 20220319 Bisnode sverige AB 20210104
{
   #TRANS 1930 {} -253.00
   #TRANS 1799 {} 253.00
}
#VER A 3174 20220319 Bisnode sverige AB 20210104
{
   #TRANS 1930 {} -340.00
   #TRANS 1799 {} 340.00
}
#VER A 3175 20220319 Kreditavgift 20210104
{
   #TRANS 1930 {} -10000.00
   #TRANS 1799 {} 10000.00
}
#VER A 3176 20220319 Move inn företagsbostäde 20210105
{
   #TRANS 1930 {} -12500.00
   #TRANS 1799 {} 12500.00
}
#VER A 3177 20220319 Homerental nordic AB 20210105
{
   #TRANS 1930 {} -11600.00
   #TRANS 1799 {} 11600.00
}
#VER A 3178 20220319 Ad sverige b/21-01-04 20210105
{
   #TRANS 1930 {} -549.00
   #TRANS 1799 {} 549.00
}
#VER A 3179 20220319 Ad sverige b/21-01-04 20210105
{
   #TRANS 1930 {} 183.00
   #TRANS 1910 {} -183.00
}
#VER A 3180 20220319 Rusta - gavl/21-01-06 20210107
{
   #TRANS 1930 {} -786.70
   #TRANS 1799 {} 786.70
}
#VER A 3181 20220319 Okq8        /21-01-06 20210108
{
   #TRANS 1930 {} -605.96
   #TRANS 1799 {} 605.96
}
#VER A 3182 20220319 Aimo park at/21-01-07 20210111
{
   #TRANS 1930 {} -10.00
   #TRANS 1799 {} 10.00
}
#VER A 3183 20220319 Biltema mora/21-01-12 20210113
{
   #TRANS 1930 {} -119.80
   #TRANS 1799 {} 119.80
}
#VER A 3184 20220319 Okq8        /21-01-13 20210114
{
   #TRANS 1930 {} -100.63
   #TRANS 1799 {} 100.63
}
#VER A 3185 20220319 Trygg hansa försäkring f 20210118
{
   #TRANS 1930 {} -1261.00
   #TRANS 1799 {} 1261.00
}
#VER A 3186 20220319 Vattenfall kundservice a 20210118
{
   #TRANS 1930 {} -4970.60
   #TRANS 1799 {} 4970.60
}
#VER A 3187 20220319 Com hem 20210118
{
   #TRANS 1930 {} -644.00
   #TRANS 1799 {} 644.00
}
#VER A 3188 20220319 Autoconcept insurance AB 20210118
{
   #TRANS 1930 {} -1494.00
   #TRANS 2893 {} 1494.00
}
#VER A 3189 20220319 Lowell sverige AB 20210118
{
   #TRANS 1930 {} -262.22
   #TRANS 1799 {} 262.22
}
#VER A 3190 20220319 Arvato finance AB 20210118
{
   #TRANS 1930 {} -1100.00
   #TRANS 1799 {} 1100.00
}
#VER A 3191 20220319 Tele2 sverige AB att: ku 20210122
{
   #TRANS 1930 {} -714.00
   #TRANS 1799 {} 714.00
}
#VER A 3192 20220319 Parkering so/21-01-20 20210122
{
   #TRANS 1930 {} -7.00
   #TRANS 1799 {} 7.00
}
#VER A 3193 20220319 St1 kort 20210125
{
   #TRANS 1930 {} -2964.00
   #TRANS 1799 {} 2964.00
}
#VER A 3194 20220319 46738045445 20210125
{
   #TRANS 1930 {} 12000.00
   #TRANS 1910 {} -12000.00
}
#VER A 3195 20220319 Bg 222-9698 20210125
{
   #TRANS 1930 {} 185000.00
   #TRANS 1910 {} -185000.00
}
#VER A 3196 20220319 Oob sodertal/21-01-25 20210126
{
   #TRANS 1930 {} -38.00
   #TRANS 1799 {} 38.00
}
#VER A 3197 20220319 Biltema mora/21-01-25 20210126
{
   #TRANS 1930 {} -24.90
   #TRANS 1799 {} 24.90
}
#VER A 3198 20220319 Biltema mora/21-01-26 20210127
{
   #TRANS 1930 {} -1149.00
   #TRANS 1799 {} 1149.00
}
#VER A 3199 20220319 53640166280 20210128
{
   #TRANS 1930 {} -50000.00
   #TRANS 1799 {} 50000.00
}
#VER A 3200 20220319 Banktjänster 20210129
{
   #TRANS 1930 {} -148.00
   #TRANS 6570 {} 148.00
}
#VER A 3201 20220319 Ingo soderte/21-01-28 20210129
{
   #TRANS 1930 {} -348.89
   #TRANS 1799 {} 348.89
}
#VER A 3202 20220319 Tanka sodert/21-01-26 20210129
{
   #TRANS 1930 {} -469.88
   #TRANS 1799 {} 469.88
}
#VER A 3203 20220319 St1 tumba   /21-01-29 20210201
{
   #TRANS 1930 {} -770.96
   #TRANS 1799 {} 770.96
}
#VER A 3204 20220319 Dpp00l 20210201
{
   #TRANS 1930 {} -185000.00
   #TRANS 1799 {} 185000.00
}
#VER A 3205 20220319 Move inn företagsbostäde 20210201
{
   #TRANS 1930 {} -12500.00
   #TRANS 1799 {} 12500.00
}
#VER A 3206 20220319 Homerental nordic AB 20210201
{
   #TRANS 1930 {} -11600.00
   #TRANS 1799 {} 11600.00
}
#VER A 3207 20220319 Hertz 00301 /21-01-30 20210201
{
   #TRANS 1930 {} -855.00
   #TRANS 1799 {} 855.00
}
#VER A 3208 20220319 Aut15:07 20210202
{
   #TRANS 1930 {} -500.00
   #TRANS 2893 {} 500.00
}
#VER A 3209 20220319 Parkering so/21-02-02 20210208
{
   #TRANS 1930 {} -7.00
   #TRANS 1799 {} 7.00
}
#VER A 3210 20220319 Tele2 sverige AB 20210209
{
   #TRANS 1930 {} -701.00
   #TRANS 1799 {} 701.00
}
#VER A 3211 20220319 Aut15:49 ins 20210209
{
   #TRANS 1930 {} 20000.00
   #TRANS 1910 {} -20000.00
}
#VER A 3212 20220319 Inet hotorge/21-02-08 20210209
{
   #TRANS 1930 {} -17789.00
   #TRANS 1799 {} 17789.00
}
#VER A 3213 20220319 Tim vestin 20210209
{
   #TRANS 1930 {} 20000.00
   #TRANS 1910 {} -20000.00
}
#VER A 3214 20220319 Okq8        /21-02-08 20210210
{
   #TRANS 1930 {} -201.29
   #TRANS 1799 {} 201.29
}
#VER A 3215 20220319 Netonnet kun/21-02-09 20210210
{
   #TRANS 1930 {} -199.00
   #TRANS 1799 {} 199.00
}
#VER A 3216 20220319 Nets bildels/21-02-08 20210210
{
   #TRANS 1930 {} -1300.00
   #TRANS 1799 {} 1300.00
}
#VER A 3217 20220319 Okq8        /21-02-12 20210215
{
   #TRANS 1930 {} -200.43
   #TRANS 1799 {} 200.43
}
#VER A 3218 20220319 9131823719 20210216
{
   #TRANS 1930 {} 55000.00
   #TRANS 1910 {} -55000.00
}
#VER A 3219 20220319 Homerental nordic AB 20210217
{
   #TRANS 1930 {} -28929.00
   #TRANS 1799 {} 28929.00
}
#VER A 3220 20220319 Okq8        /21-02-15 20210217
{
   #TRANS 1930 {} -100.03
   #TRANS 1799 {} 100.03
}
#VER A 3221 20220319 Fordonsskatt transportst 20210218
{
   #TRANS 1930 {} -65.00
   #TRANS 1630 {} 65.00
}
#VER A 3222 20220319 Fordonsskatt transportst 20210218
{
   #TRANS 1930 {} -65.00
   #TRANS 1630 {} 65.00
}
#VER A 3223 20220319 Fordonsskatt transportst 20210218
{
   #TRANS 1930 {} -65.00
   #TRANS 1630 {} 65.00
}
#VER A 3224 20220319 Fordonsskatt transportst 20210218
{
   #TRANS 1930 {} -65.00
   #TRANS 1630 {} 65.00
}
#VER A 3225 20220319 Fordonsskatt transportst 20210218
{
   #TRANS 1930 {} -65.00
   #TRANS 1630 {} 65.00
}
#VER A 3226 20220319 Fordonsskatt transportst 20210218
{
   #TRANS 1930 {} -65.00
   #TRANS 1630 {} 65.00
}
#VER A 3227 20220319 Vattenfall kundservice a 20210218
{
   #TRANS 1930 {} -4579.40
   #TRANS 1799 {} 4579.40
}
#VER A 3228 20220319 Voi technolo/21-02-19 20210222
{
   #TRANS 1930 {} -46.00
   #TRANS 1799 {} 46.00
}
#VER A 3229 20220319 St1 kort 20210222
{
   #TRANS 1930 {} -2324.00
   #TRANS 1799 {} 2324.00
}
#VER A 3230 20220319 Circle k sto/21-02-21 20210222
{
   #TRANS 1930 {} -100.59
   #TRANS 1799 {} 100.59
}
#VER A 3231 20220319 Voi technolo/21-02-20 20210222
{
   #TRANS 1930 {} -25.00
   #TRANS 1799 {} 25.00
}
#VER A 3232 20220319 Voi technolo/21-02-21 20210222
{
   #TRANS 1930 {} -37.00
   #TRANS 1799 {} 37.00
}
#VER A 3233 20220319 Tiptapp  www/21-02-20 20210222
{
   #TRANS 1930 {} -719.00
   #TRANS 1799 {} 719.00
}
#VER A 3234 20220319 Tele2 sverige AB 20210223
{
   #TRANS 1930 {} -646.00
   #TRANS 1799 {} 646.00
}
#VER A 3235 20220319 Autodoc     /21-02-22 20210223
{
   #TRANS 1930 {} -688.74
   #TRANS 2893 {} 688.74
}
#VER A 3236 20220319 46738045445 20210225
{
   #TRANS 1930 {} 12000.00
   #TRANS 1910 {} -12000.00
}
#VER A 3237 20220319 Klarna   skr/21-02-24 20210225
{
   #TRANS 1930 {} -277.75
   #TRANS 1799 {} 277.75
}
#VER A 3238 20220319 Aut16:31 20210226
{
   #TRANS 1930 {} -500.00
   #TRANS 2893 {} 500.00
}
#VER A 3239 20220319 Parkering so/21-02-24 20210226
{
   #TRANS 1930 {} -200.00
   #TRANS 1799 {} 200.00
}
#VER A 3240 20220319 Bilprovninge/21-02-25 20210226
{
   #TRANS 1930 {} -539.00
   #TRANS 1799 {} 539.00
}
#VER A 3241 20220319 Fordonsskatt transportst 20210301
{
   #TRANS 1930 {} -65.00
   #TRANS 1630 {} 65.00
}
#VER A 3242 20220319 Fordonsskatt transportst 20210301
{
   #TRANS 1930 {} -65.00
   #TRANS 1630 {} 65.00
}
#VER A 3243 20220319 Autoconcept insurance AB 20210301
{
   #TRANS 1930 {} -4092.00
   #TRANS 2893 {} 4092.00
}
#VER A 3244 20220319 53640166280 20210302
{
   #TRANS 1930 {} -1000.00
   #TRANS 1799 {} 1000.00
}
#VER A 3245 20220319 Banktjänster 20210303
{
   #TRANS 1930 {} -154.50
   #TRANS 6570 {} 154.50
}
#VER A 3246 20220319 Move inn företagsbostäde 20210308
{
   #TRANS 1930 {} -12500.00
   #TRANS 1799 {} 12500.00
}
#VER A 3247 20220319 Fordonsskatt transportst 20210308
{
   #TRANS 1930 {} -115.00
   #TRANS 1630 {} 115.00
}
#VER A 3248 20220319 Fordonsskatt transportst 20210308
{
   #TRANS 1930 {} -115.00
   #TRANS 1630 {} 115.00
}
#VER A 3249 20220319 Fordonsskatt transportst 20210308
{
   #TRANS 1930 {} -115.00
   #TRANS 1630 {} 115.00
}
#VER A 3250 20220319 Fordonsskatt transportst 20210308
{
   #TRANS 1930 {} -115.00
   #TRANS 1630 {} 115.00
}
#VER A 3251 20220319 Fordonsskatt transportst 20210308
{
   #TRANS 1930 {} -115.00
   #TRANS 1630 {} 115.00
}
#VER A 3252 20220319 Fordonsskatt transportst 20210308
{
   #TRANS 1930 {} -115.00
   #TRANS 1630 {} 115.00
}
#VER A 3253 20220319 Homerental nordic AB 20210308
{
   #TRANS 1930 {} -11600.00
   #TRANS 1799 {} 11600.00
}
#VER A 3254 20220319 Stjarnans bi/21-03-09 20210310
{
   #TRANS 1930 {} -2000.00
   #TRANS 1799 {} 2000.00
}
#VER A 3255 20220319 Ingo soderte/21-03-12 20210315
{
   #TRANS 1930 {} -100.14
   #TRANS 1799 {} 100.14
}
#VER A 3256 20220319 Bilprovninge/21-03-12 20210315
{
   #TRANS 1930 {} -219.00
   #TRANS 1799 {} 219.00
}
#VER A 3257 20220319 Autodoc     /21-03-16 20210317
{
   #TRANS 1930 {} -857.72
   #TRANS 2893 {} 857.72
}
#VER A 3258 20220319 Svea ekonomi AB 20210318
{
   #TRANS 1930 {} -2560.00
   #TRANS 1799 {} 2560.00
}
#VER A 3259 20220319 Vattenfall kundservice a 20210318
{
   #TRANS 1930 {} -3148.40
   #TRANS 1799 {} 3148.40
}
#VER A 3260 20220319 Com hem 20210318
{
   #TRANS 1930 {} -225.00
   #TRANS 1799 {} 225.00
}
#VER A 3261 20220319 One.com a/s 20210318
{
   #TRANS 1930 {} -858.75
   #TRANS 1799 {} 858.75
}
#VER A 3262 20220319 Nets bildels/21-03-16 20210318
{
   #TRANS 1930 {} -2030.00
   #TRANS 1799 {} 2030.00
}
#VER A 3263 20220319 Nets bildels/21-03-17 20210319
{
   #TRANS 1930 {} -875.00
   #TRANS 1799 {} 875.00
}
#VER A 3264 20220319 Voi technolo/21-03-18 20210319
{
   #TRANS 1930 {} -22.50
   #TRANS 1799 {} 22.50
}
#VER A 3265 20220319 Voi technolo/21-03-18 20210319
{
   #TRANS 1930 {} -250.00
   #TRANS 1799 {} 250.00
}
#VER A 3266 20220319 Klarna   skr/21-03-19 20210322
{
   #TRANS 1930 {} 277.75
   #TRANS 1910 {} -277.75
}
#VER A 3267 20220319 St1 kort 20210322
{
   #TRANS 1930 {} -964.00
   #TRANS 1799 {} 964.00
}
#VER A 3268 20220319 Voi technolo/21-03-20 20210322
{
   #TRANS 1930 {} -54.90
   #TRANS 1799 {} 54.90
}
#VER A 3269 20220319 46738045445 20210325
{
   #TRANS 1930 {} 12000.00
   #TRANS 1910 {} -12000.00
}
#VER A 3270 20220319 Okq8        /21-03-23 20210325
{
   #TRANS 1930 {} -301.36
   #TRANS 1799 {} 301.36
}
#VER A 3271 20220319 Okq8        /21-03-23 20210325
{
   #TRANS 1930 {} -300.06
   #TRANS 1799 {} 300.06
}
#VER A 3272 20220319 Okq8        /21-03-23 20210325
{
   #TRANS 1930 {} -200.69
   #TRANS 1799 {} 200.69
}
#VER A 3273 20220319 Ulr404 20210326
{
   #TRANS 1930 {} 105000.00
   #TRANS 1910 {} -105000.00
}
#VER A 3274 20220319 Stjarnans bi/21-03-25 20210326
{
   #TRANS 1930 {} -600.00
   #TRANS 1799 {} 600.00
}
#VER A 3275 20220319 Mekonomen de/21-03-25 20210326
{
   #TRANS 1930 {} -726.61
   #TRANS 1799 {} 726.61
}
#VER A 3276 20220319 Okq8        /21-03-26 20210329
{
   #TRANS 1930 {} -200.08
   #TRANS 1799 {} 200.08
}
#VER A 3277 20220319 Sf fastighets 11 i marie 20210329
{
   #TRANS 1930 {} -12805.00
   #TRANS 1799 {} 12805.00
}
#VER A 3278 20220319 Banktjänster 20210331
{
   #TRANS 1930 {} -142.50
   #TRANS 6570 {} 142.50
}
#VER A 3279 20220319 Preem       /21-03-29 20210331
{
   #TRANS 1930 {} -200.12
   #TRANS 1799 {} 200.12
}
#VER A 3280 20220319 Ränta 20210331
{
   #TRANS 1930 {} -4290.72
   #TRANS 1799 {} 4290.72
}
#VER A 3281 20220319 Ica supermar/21-04-01 20210406
{
   #TRANS 1930 {} -84.90
   #TRANS 1799 {} 84.90
}
#VER A 3282 20220319 Ahlin & delings elektris 20210406
{
   #TRANS 1930 {} -1250.00
   #TRANS 1799 {} 1250.00
}
#VER A 3283 20220319 Move inn företagsbostäde 20210406
{
   #TRANS 1930 {} -12500.00
   #TRANS 1799 {} 12500.00
}
#VER A 3284 20220319 Skill motala AB 20210406
{
   #TRANS 1930 {} -800.00
   #TRANS 1799 {} 800.00
}
#VER A 3285 20220319 Homerental nordic AB 20210406
{
   #TRANS 1930 {} -10000.00
   #TRANS 1799 {} 10000.00
}
#VER A 3286 20220319 Homerental nordic AB 20210406
{
   #TRANS 1930 {} -11600.00
   #TRANS 1799 {} 11600.00
}
#VER A 3287 20220319 Bisnode sverige AB 20210406
{
   #TRANS 1930 {} -238.00
   #TRANS 1799 {} 238.00
}
#VER A 3288 20220319 Sf fastighets 11 i marie 20210406
{
   #TRANS 1930 {} -12745.00
   #TRANS 1799 {} 12745.00
}
#VER A 3289 20220319 Autoconcept insurance AB 20210406
{
   #TRANS 1930 {} -1780.00
   #TRANS 2893 {} 1780.00
}
#VER A 3290 20220319 M.g assist bilservice AB 20210406
{
   #TRANS 1930 {} -6000.00
   #TRANS 1799 {} 6000.00
}
#VER A 3291 20220319 Tele2 sverige AB 20210406
{
   #TRANS 1930 {} -707.00
   #TRANS 1799 {} 707.00
}
#VER A 3292 20220319 Bg 222-9698 20210406
{
   #TRANS 1930 {} 4800.00
   #TRANS 1910 {} -4800.00
}
#VER A 3293 20220319 Trängselskatt transports 20210407
{
   #TRANS 1930 {} -511.00
   #TRANS 1630 {} 511.00
}
#VER A 3294 20220319 Trängselskatt transports 20210407
{
   #TRANS 1930 {} -621.00
   #TRANS 1630 {} 621.00
}
#VER A 3295 20220319 Trängselskatt transports 20210407
{
   #TRANS 1930 {} -764.00
   #TRANS 1630 {} 764.00
}
#VER A 3296 20220319 Fordonsskatt transportst 20210407
{
   #TRANS 1930 {} -65.00
   #TRANS 1630 {} 65.00
}
#VER A 3297 20220319 Felparkeringsavgift tran 20210407
{
   #TRANS 1930 {} -900.00
   #TRANS 1799 {} 900.00
}
#VER A 3298 20220319 Felparkeringsavgift tran 20210407
{
   #TRANS 1930 {} -1100.00
   #TRANS 1799 {} 1100.00
}
#VER A 3299 20220319 Svea inkasso AB 20210407
{
   #TRANS 1930 {} -1166.00
   #TRANS 1799 {} 1166.00
}
#VER A 3300 20220319 Turbo center/21-04-07 20210409
{
   #TRANS 1930 {} -1800.00
   #TRANS 1799 {} 1800.00
}
#VER A 3301 20220319 Okq8        /21-04-13 20210415
{
   #TRANS 1930 {} -100.13
   #TRANS 1799 {} 100.13
}
#VER A 3302 20220319 Clas ohlson /21-04-17 20210419
{
   #TRANS 1930 {} -99.90
   #TRANS 1799 {} 99.90
}
#VER A 3303 20220319 Hallunda mob/21-04-19 20210420
{
   #TRANS 1930 {} -1200.00
   #TRANS 1799 {} 1200.00
}
#VER A 3304 20220319 Preem       /21-04-16 20210420
{
   #TRANS 1930 {} -200.23
   #TRANS 1799 {} 200.23
}
#VER A 3305 20220319 Svea inkasso AB 20210421
{
   #TRANS 1930 {} -3470.00
   #TRANS 1799 {} 3470.00
}
#VER A 3306 20220319 Skatteverket 20210421
{
   #TRANS 1930 {} -10000.00
   #TRANS 1630 {} 10000.00
}
#VER A 3307 20220319 Fordonsskatt transportst 20210421
{
   #TRANS 1930 {} -1354.00
   #TRANS 1630 {} 1354.00
}
#VER A 3308 20220319 Vattenfall kundservice a 20210421
{
   #TRANS 1930 {} -1773.69
   #TRANS 1799 {} 1773.69
}
#VER A 3309 20220319 Afterpay af 20210421
{
   #TRANS 1930 {} -34.95
   #TRANS 1799 {} 34.95
}
#VER A 3310 20220319 St1 kort 20210421
{
   #TRANS 1930 {} -1695.00
   #TRANS 1799 {} 1695.00
}
#VER A 3311 20220319 Okq8        /21-04-17 20210421
{
   #TRANS 1930 {} -100.01
   #TRANS 1799 {} 100.01
}
#VER A 3312 20220319 Bg 222-9698 20210426
{
   #TRANS 1930 {} 1800.00
   #TRANS 1910 {} -1800.00
}
#VER A 3313 20220319 Felparkeringsavgift tran 20210427
{
   #TRANS 1930 {} -900.00
   #TRANS 1799 {} 900.00
}
#VER A 3314 20220319 Indian stree/21-04-27 20210428
{
   #TRANS 1930 {} -111.00
   #TRANS 1799 {} 111.00
}
#VER A 3315 20220319 Banktjänster 20210429
{
   #TRANS 1930 {} -145.50
   #TRANS 6570 {} 145.50
}
#VER A 3316 20220319 Homerental nordic AB 20210430
{
   #TRANS 1930 {} -10000.00
   #TRANS 1799 {} 10000.00
}
#VER A 3317 20220319 Homerental nordic AB 20210430
{
   #TRANS 1930 {} -11600.00
   #TRANS 1799 {} 11600.00
}
#VER A 3318 20220319 Bisnode sverige AB 20210430
{
   #TRANS 1930 {} -240.00
   #TRANS 1799 {} 240.00
}
#VER A 3319 20220319 Restaurang s/21-04-30 20210503
{
   #TRANS 1930 {} -105.00
   #TRANS 1799 {} 105.00
}
#VER A 3320 20220319 Trängselskatt transports 20210503
{
   #TRANS 1930 {} -598.00
   #TRANS 1630 {} 598.00
}
#VER A 3321 20220319 Trängselskatt transports 20210503
{
   #TRANS 1930 {} -1002.00
   #TRANS 1630 {} 1002.00
}
#VER A 3322 20220319 Tele2 20210503
{
   #TRANS 1930 {} -244.00
   #TRANS 1799 {} 244.00
}
#VER A 3323 20220319 Trafikkontoret c/o servi 20210503
{
   #TRANS 1930 {} -1400.00
   #TRANS 1799 {} 1400.00
}
#VER A 3324 20220319 Bg 222-9698 20210503
{
   #TRANS 1930 {} 1600.00
   #TRANS 1910 {} -1600.00
}
#VER A 3325 20220319 Sf fastighets 11 i marie 20210506
{
   #TRANS 1930 {} -12805.00
   #TRANS 1799 {} 12805.00
}
#VER A 3326 20220319 Move inn företagsbostäde 20210506
{
   #TRANS 1930 {} -12500.00
   #TRANS 1799 {} 12500.00
}
#VER A 3327 20220319 53640166280 20210507
{
   #TRANS 1930 {} -5000.00
   #TRANS 1799 {} 5000.00
}
#VER A 3328 20220319 Okq8        /21-05-11 20210512
{
   #TRANS 1930 {} -200.09
   #TRANS 1799 {} 200.09
}
#VER A 3329 20220319 Privatinsätt 20210517
{
   #TRANS 1930 {} 18000.00
   #TRANS 1910 {} -18000.00
}
#VER A 3330 20220319 Vattenfall kundservice a 20210518
{
   #TRANS 1930 {} -1541.97
   #TRANS 1799 {} 1541.97
}
#VER A 3331 20220319 Tele2 20210518
{
   #TRANS 1930 {} -244.00
   #TRANS 1799 {} 244.00
}
#VER A 3332 20220319 Tele2 sverige AB 20210518
{
   #TRANS 1930 {} -709.00
   #TRANS 1799 {} 709.00
}
#VER A 3333 20220319 Biltema mora/21-05-17 20210518
{
   #TRANS 1930 {} -44.90
   #TRANS 1799 {} 44.90
}
#VER A 3334 20220319 R h bilservi/21-05-17 20210518
{
   #TRANS 1930 {} -400.00
   #TRANS 1799 {} 400.00
}
#VER A 3335 20220319 025622035000 20210519
{
   #TRANS 1930 {} .50
   #TRANS 1799 {} -.50
}
#VER A 3336 20220319 St1 kort 20210524
{
   #TRANS 1930 {} -1717.00
   #TRANS 1799 {} 1717.00
}
#VER A 3337 20220319 Bg 222-9698 20210524
{
   #TRANS 1930 {} 10000.00
   #TRANS 1910 {} -10000.00
}
#VER A 3338 20220319 Klarna  skru/21-05-22 20210524
{
   #TRANS 1930 {} -277.75
   #TRANS 1799 {} 277.75
}
#VER A 3339 20220319 Collectia inkasso 20210525
{
   #TRANS 1930 {} -289.90
   #TRANS 1799 {} 289.90
}
#VER A 3340 20220319 Intrum sverige AB 20210525
{
   #TRANS 1930 {} -186.00
   #TRANS 1799 {} 186.00
}
#VER A 3341 20220319 Fordonsskatt transportst 20210525
{
   #TRANS 1930 {} -65.00
   #TRANS 1630 {} 65.00
}
#VER A 3342 20220319 Svea inkasso AB 20210525
{
   #TRANS 1930 {} -5327.00
   #TRANS 1799 {} 5327.00
}
#VER A 3343 20220319 Bg 222-9698 20210526
{
   #TRANS 1930 {} 27300.00
   #TRANS 1910 {} -27300.00
}
#VER A 3344 20220319 Svea inkasso AB 20210527
{
   #TRANS 1930 {} -1162.00
   #TRANS 1799 {} 1162.00
}
#VER A 3345 20220319 Homerental nordic AB 20210531
{
   #TRANS 1930 {} -10000.00
   #TRANS 1799 {} 10000.00
}
#VER A 3346 20220319 Homerental nordic AB 20210531
{
   #TRANS 1930 {} -11600.00
   #TRANS 1799 {} 11600.00
}
#VER A 3347 20220319 Jarn & fargh/21-05-29 20210531
{
   #TRANS 1930 {} -74.90
   #TRANS 1799 {} 74.90
}
#VER A 3348 20220319 Jarn & fargh/21-05-29 20210531
{
   #TRANS 1930 {} -45.00
   #TRANS 1799 {} 45.00
}
#VER A 3349 20220319 Banktjänster 20210601
{
   #TRANS 1930 {} -146.00
   #TRANS 6570 {} 146.00
}
#VER A 3350 20220319 Klarna  cars/21-05-31 20210601
{
   #TRANS 1930 {} -529.00
   #TRANS 1799 {} 529.00
}
#VER A 3351 20220319 Move inn företagsbostäde 20210602
{
   #TRANS 1930 {} -12500.00
   #TRANS 1799 {} 12500.00
}
#VER A 3352 20220319 Trafikkontoret c/o servi 20210602
{
   #TRANS 1930 {} -844.00
   #TRANS 1799 {} 844.00
}
#VER A 3353 20220319 9131823719 20210602
{
   #TRANS 1930 {} 20000.00
   #TRANS 1910 {} -20000.00
}
#VER A 3354 20220319 Biltema swed/21-06-01 20210602
{
   #TRANS 1930 {} -399.00
   #TRANS 1799 {} 399.00
}
#VER A 3355 20220319 Ad sverige b/21-06-01 20210602
{
   #TRANS 1930 {} -106.00
   #TRANS 1799 {} 106.00
}
#VER A 3356 20220319 Rusta - 195 /21-06-02 20210603
{
   #TRANS 1930 {} -397.90
   #TRANS 1799 {} 397.90
}
#VER A 3357 20220319 Biltema mora/21-06-04 20210607
{
   #TRANS 1930 {} -799.00
   #TRANS 1799 {} 799.00
}
#VER A 3358 20220319 Voi technolo/21-06-05 20210607
{
   #TRANS 1930 {} -22.00
   #TRANS 1799 {} 22.00
}
#VER A 3359 20220319 Besikta 0658/21-06-07 20210608
{
   #TRANS 1930 {} -319.00
   #TRANS 1799 {} 319.00
}
#VER A 3360 20220319 Biltema swed/21-06-08 20210609
{
   #TRANS 1930 {} -399.00
   #TRANS 1799 {} 399.00
}
#VER A 3361 20220319 Voi technolo/21-06-08 20210609
{
   #TRANS 1930 {} -30.00
   #TRANS 1799 {} 30.00
}
#VER A 3362 20220319 Tele2 sverige AB 20210610
{
   #TRANS 1930 {} -781.00
   #TRANS 1799 {} 781.00
}
#VER A 3363 20220319 Bg 222-9698 20210610
{
   #TRANS 1930 {} 2500.00
   #TRANS 1910 {} -2500.00
}
#VER A 3364 20220319 Carspect mor/21-06-09 20210610
{
   #TRANS 1930 {} -299.00
   #TRANS 1799 {} 299.00
}
#VER A 3365 20220319 Voi technolo/21-06-10 20210611
{
   #TRANS 1930 {} -22.50
   #TRANS 1799 {} 22.50
}
#VER A 3366 20220319 Okq8        /21-06-10 20210611
{
   #TRANS 1930 {} -200.23
   #TRANS 1799 {} 200.23
}
#VER A 3367 20220319 Rusta -77  b/21-06-09 20210611
{
   #TRANS 1930 {} -99.80
   #TRANS 1799 {} 99.80
}
#VER A 3368 20220319 Voi technolo/21-06-11 20210614
{
   #TRANS 1930 {} -25.00
   #TRANS 1799 {} 25.00
}
#VER A 3369 20220319 Sf fastighets 11 i marie 20210615
{
   #TRANS 1930 {} -12805.00
   #TRANS 1799 {} 12805.00
}
#VER A 3370 20220319 Vattenfall kundservice a 20210617
{
   #TRANS 1930 {} -1409.56
   #TRANS 1799 {} 1409.56
}
#VER A 3371 20220319 Tele2 sverige AB 20210617
{
   #TRANS 1930 {} -956.00
   #TRANS 1799 {} 956.00
}
#VER A 3372 20220319 Blocket AB 20210617
{
   #TRANS 1930 {} -2500.00
   #TRANS 1799 {} 2500.00
}
#VER A 3373 20220319 Okq8        /21-06-16 20210617
{
   #TRANS 1930 {} -297.77
   #TRANS 1799 {} 297.77
}
#VER A 3374 20220319 Voi technolo/21-06-17 20210618
{
   #TRANS 1930 {} -45.00
   #TRANS 1799 {} 45.00
}
#VER A 3375 20220319 Tim vestin 20210621
{
   #TRANS 1930 {} 30000.00
   #TRANS 1910 {} -30000.00
}
#VER A 3376 20220319 Voi technolo/21-06-18 20210621
{
   #TRANS 1930 {} -38.25
   #TRANS 1799 {} 38.25
}
#VER A 3377 20220319 Voi technolo/21-06-18 20210621
{
   #TRANS 1930 {} -29.25
   #TRANS 1799 {} 29.25
}
#VER A 3378 20220319 St1 kort 20210621
{
   #TRANS 1930 {} -2079.00
   #TRANS 1799 {} 2079.00
}
#VER A 3379 20220319 Voi technolo/21-06-20 20210621
{
   #TRANS 1930 {} -54.90
   #TRANS 1799 {} 54.90
}
#VER A 3380 20220319 Voi technolo/21-06-20 20210621
{
   #TRANS 1930 {} -27.90
   #TRANS 1799 {} 27.90
}
#VER A 3381 20220319 Voi technolo/21-06-20 20210621
{
   #TRANS 1930 {} -125.10
   #TRANS 1799 {} 125.10
}
#VER A 3382 20220319 Trängselskatt transports 20210622
{
   #TRANS 1930 {} -604.00
   #TRANS 1630 {} 604.00
}
#VER A 3383 20220319 Trygg hansa försäkring f 20210622
{
   #TRANS 1930 {} -1096.00
   #TRANS 1799 {} 1096.00
}
#VER A 3384 20220319 Fordonsskatt transportst 20210622
{
   #TRANS 1930 {} -65.00
   #TRANS 1630 {} 65.00
}
#VER A 3385 20220319 Fordonsskatt transportst 20210622
{
   #TRANS 1930 {} -65.00
   #TRANS 1630 {} 65.00
}
#VER A 3386 20220319 Fordonsskatt transportst 20210622
{
   #TRANS 1930 {} -425.00
   #TRANS 1630 {} 425.00
}
#VER A 3387 20220319 Felparkeringsavgift tran 20210622
{
   #TRANS 1930 {} -900.00
   #TRANS 1799 {} 900.00
}
#VER A 3388 20220319 Felparkeringsavgift tran 20210622
{
   #TRANS 1930 {} -1100.00
   #TRANS 1799 {} 1100.00
}
#VER A 3389 20220319 Trafikkontoret c/o servi 20210622
{
   #TRANS 1930 {} -1100.00
   #TRANS 1799 {} 1100.00
}
#VER A 3390 20220319 Ebc623 20210623
{
   #TRANS 1930 {} 520000.00
   #TRANS 1910 {} -520000.00
}
#VER A 3391 20220319 Voi technolo/21-06-22 20210623
{
   #TRANS 1930 {} -47.25
   #TRANS 1799 {} 47.25
}
#VER A 3392 20220319 Mekonomen   /21-06-24 20210628
{
   #TRANS 1930 {} -1473.51
   #TRANS 1799 {} 1473.51
}
#VER A 3393 20220319 Svea inkasso AB 20210628
{
   #TRANS 1930 {} -10362.00
   #TRANS 1799 {} 10362.00
}
#VER A 3394 20220319 Voi technolo/21-06-26 20210628
{
   #TRANS 1930 {} -92.70
   #TRANS 1799 {} 92.70
}
#VER A 3395 20220319 Voi technolo/21-06-27 20210628
{
   #TRANS 1930 {} -57.60
   #TRANS 1799 {} 57.60
}
#VER A 3396 20220319 Voi technolo/21-06-27 20210628
{
   #TRANS 1930 {} -49.50
   #TRANS 1799 {} 49.50
}
#VER A 3397 20220319 Lidl 335/ost/21-06-26 20210628
{
   #TRANS 1930 {} -49.80
   #TRANS 1799 {} 49.80
}
#VER A 3398 20220319 029372968000 20210630
{
   #TRANS 1930 {} .50
   #TRANS 1799 {} -.50
}
#VER A 3399 20220319 Banktjänster 20210630
{
   #TRANS 1930 {} -155.00
   #TRANS 6570 {} 155.00
}
#VER A 3400 20220319 Voi technolo/21-06-29 20210630
{
   #TRANS 1930 {} -36.00
   #TRANS 1799 {} 36.00
}
#VER A 3401 20220319 Ica supermar/21-06-28 20210630
{
   #TRANS 1930 {} -156.00
   #TRANS 1799 {} 156.00
}
#VER A 3402 20220319 Ränta 20210630
{
   #TRANS 1930 {} -3704.76
   #TRANS 1799 {} 3704.76
}
#VER A 3403 20220319 Bisnode sverige AB 20210701
{
   #TRANS 1930 {} -240.00
   #TRANS 1799 {} 240.00
}
#VER A 3404 20220319 Klarna skruv/21-07-01 20210701
{
   #TRANS 1930 {} -647.75
   #TRANS 1799 {} 647.75
}
#VER A 3405 20220319 Ad sverige b/21-06-30 20210701
{
   #TRANS 1930 {} -444.00
   #TRANS 1799 {} 444.00
}
#VER A 3406 20220319 Voi technolo/21-07-02 20210702
{
   #TRANS 1930 {} -18.00
   #TRANS 1799 {} 18.00
}
#VER A 3407 20220319 Voi technolo/21-07-02 20210705
{
   #TRANS 1930 {} -13.50
   #TRANS 1799 {} 13.50
}
#VER A 3408 20220319 Move inn företagsbostäde 20210705
{
   #TRANS 1930 {} -12500.00
   #TRANS 1799 {} 12500.00
}
#VER A 3409 20220319 Homerental nordic AB 20210705
{
   #TRANS 1930 {} -10000.00
   #TRANS 1799 {} 10000.00
}
#VER A 3410 20220319 Homerental nordic AB 20210705
{
   #TRANS 1930 {} -11600.00
   #TRANS 1799 {} 11600.00
}
#VER A 3411 20220319 52572988356 20210705
{
   #TRANS 1930 {} -87000.00
   #TRANS 1799 {} 87000.00
}
#VER A 3412 20220319 Bilprovninge/21-07-05 20210706
{
   #TRANS 1930 {} -439.00
   #TRANS 1799 {} 439.00
}
#VER A 3413 20220319 Biltema swed/21-07-08 20210709
{
   #TRANS 1930 {} -129.00
   #TRANS 1799 {} 129.00
}
#VER A 3414 20220319 Jerusalem ko/21-07-11 20210712
{
   #TRANS 1930 {} -89.00
   #TRANS 1799 {} 89.00
}
#VER A 3415 20220319 Gottexperten/21-07-10 20210712
{
   #TRANS 1930 {} -90.00
   #TRANS 1799 {} 90.00
}
#VER A 3416 20220319 Rusta - 195 /21-07-12 20210713
{
   #TRANS 1930 {} -398.00
   #TRANS 1799 {} 398.00
}
#VER A 3417 20220319 Kaferang    /21-07-12 20210713
{
   #TRANS 1930 {} -168.00
   #TRANS 1799 {} 168.00
}
#VER A 3418 20220319 Trängselskatt transports 20210716
{
   #TRANS 1930 {} -558.00
   #TRANS 1630 {} 558.00
}
#VER A 3419 20220319 Trängselskatt transports 20210716
{
   #TRANS 1930 {} -959.00
   #TRANS 1630 {} 959.00
}
#VER A 3420 20220319 Fordonsskatt transportst 20210716
{
   #TRANS 1930 {} -1015.00
   #TRANS 1630 {} 1015.00
}
#VER A 3421 20220319 Tele2 sverige AB 20210716
{
   #TRANS 1930 {} -655.00
   #TRANS 1799 {} 655.00
}
#VER A 3422 20220319 Trafikkontoret c/o servi 20210716
{
   #TRANS 1930 {} -1100.00
   #TRANS 1799 {} 1100.00
}
#VER A 3423 20220319 Ica karlapla/21-07-15 20210716
{
   #TRANS 1930 {} -35.00
   #TRANS 1799 {} 35.00
}
#VER A 3424 20220319 Maxi ica sto/21-07-16 20210719
{
   #TRANS 1930 {} -76.90
   #TRANS 1799 {} 76.90
}
#VER A 3425 20220319 7-eleven 451/21-07-16 20210719
{
   #TRANS 1930 {} -25.00
   #TRANS 1799 {} 25.00
}
#VER A 3426 20220319 Centrumbutik/21-07-17 20210719
{
   #TRANS 1930 {} -50.00
   #TRANS 1799 {} 50.00
}
#VER A 3427 20220319 Parkering gö/21-07-17 20210719
{
   #TRANS 1930 {} -50.00
   #TRANS 1799 {} 50.00
}
#VER A 3428 20220319 Quality pano/21-07-17 20210719
{
   #TRANS 1930 {} -980.00
   #TRANS 1799 {} 980.00
}
#VER A 3429 20220319 St1 kort 20210721
{
   #TRANS 1930 {} -2823.00
   #TRANS 1799 {} 2823.00
}
#VER A 3430 20220319 W&d carwash /21-07-20 20210721
{
   #TRANS 1930 {} -100.00
   #TRANS 1799 {} 100.00
}
#VER A 3431 20220319 Återbet. if 20210722
{
   #TRANS 1930 {} 3680.00
   #TRANS 1910 {} -3680.00
}
#VER A 3432 20220319 Ikea-kungens/21-07-22 20210723
{
   #TRANS 1930 {} -1320.00
   #TRANS 1799 {} 1320.00
}
#VER A 3433 20220319 Skatteverket 20210728
{
   #TRANS 1930 {} -61000.00
   #TRANS 1630 {} 61000.00
}
#VER A 3434 20220319 Bisnode sverige AB 20210728
{
   #TRANS 1930 {} -240.00
   #TRANS 1799 {} 240.00
}
#VER A 3435 20220319 Banktjänster 20210729
{
   #TRANS 1930 {} -152.00
   #TRANS 6570 {} 152.00
}
#VER A 3436 20220319 030968346000 20210730
{
   #TRANS 1930 {} 1655.66
   #TRANS 1910 {} -1655.66
}
#VER A 3437 20220319 Clas ohlson /21-07-29 20210730
{
   #TRANS 1930 {} -136.90
   #TRANS 1799 {} 136.90
}
#VER A 3438 20220319 Ica supermar/21-07-29 20210730
{
   #TRANS 1930 {} -40.00
   #TRANS 1799 {} 40.00
}
#VER A 3439 20220319 Move inn företagsbostäde 20210802
{
   #TRANS 1930 {} -12500.00
   #TRANS 1799 {} 12500.00
}
#VER A 3440 20220319 Mercedes-benz finans sve 20210802
{
   #TRANS 1930 {} -152306.00
   #TRANS 1799 {} 152306.00
}
#VER A 3441 20220319 Homerental nordic AB 20210802
{
   #TRANS 1930 {} -10000.00
   #TRANS 1799 {} 10000.00
}
#VER A 3442 20220319 Homerental nordic AB 20210802
{
   #TRANS 1930 {} -14800.00
   #TRANS 1799 {} 14800.00
}
#VER A 3443 20220319 031063107000 20210803
{
   #TRANS 1930 {} 7297.59
   #TRANS 1910 {} -7297.59
}
#VER A 3444 20220319 If skadeförs 20210805
{
   #TRANS 1930 {} -95.00
   #TRANS 1799 {} 95.00
}
#VER A 3445 20220319 031244152000 20210806
{
   #TRANS 1930 {} 3003.00
   #TRANS 1910 {} -3003.00
}
#VER A 3446 20220319 Santa monica/21-08-06 20210809
{
   #TRANS 1930 {} -531.99
   #TRANS 1799 {} 531.99
}
#VER A 3447 20220319 If skadeförs 20210809
{
   #TRANS 1930 {} -595.00
   #TRANS 1799 {} 595.00
}
#VER A 3448 20220319 Preem       /21-08-06 20210809
{
   #TRANS 1930 {} -827.33
   #TRANS 1799 {} 827.33
}
#VER A 3449 20220319 031355352000 20210810
{
   #TRANS 1930 {} 2146.37
   #TRANS 1910 {} -2146.37
}
#VER A 3450 20220319 031416131000 20210810
{
   #TRANS 1930 {} 3753.75
   #TRANS 1910 {} -3753.75
}
#VER A 3451 20220319 Trängselskatt transports 20210811
{
   #TRANS 1930 {} -946.00
   #TRANS 1630 {} 946.00
}
#VER A 3452 20220319 Felparkeringsavgift tran 20210811
{
   #TRANS 1930 {} -900.00
   #TRANS 1799 {} 900.00
}
#VER A 3453 20220319 Felparkeringsavgift tran 20210811
{
   #TRANS 1930 {} -900.00
   #TRANS 1799 {} 900.00
}
#VER A 3454 20220319 Vattenfall kundservice a 20210811
{
   #TRANS 1930 {} -1345.84
   #TRANS 1799 {} 1345.84
}
#VER A 3455 20220319 031458576000 20210811
{
   #TRANS 1930 {} 3378.34
   #TRANS 1910 {} -3378.34
}
#VER A 3456 20220319 Autodoc     /21-08-10 20210811
{
   #TRANS 1930 {} -325.80
   #TRANS 2893 {} 325.80
}
#VER A 3457 20220319 Tele2 sverige AB 20210812
{
   #TRANS 1930 {} -571.00
   #TRANS 1799 {} 571.00
}
#VER A 3458 20220319 Filmstaden a/21-08-11 20210812
{
   #TRANS 1930 {} -318.00
   #TRANS 1799 {} 318.00
}
#VER A 3459 20220319 Slapvagnshus/21-08-12 20210813
{
   #TRANS 1930 {} -635.00
   #TRANS 1799 {} 635.00
}
#VER A 3460 20220319 031782723000 20210817
{
   #TRANS 1930 {} 5715.31
   #TRANS 1910 {} -5715.31
}
#VER A 3461 20220319 F a  install/21-08-11 20210817
{
   #TRANS 1930 {} -4000.00
   #TRANS 1799 {} 4000.00
}
#VER A 3462 20220319 Bilia group /21-08-16 20210817
{
   #TRANS 1930 {} -738.00
   #TRANS 1799 {} 738.00
}
#VER A 3463 20220319 Trängselskatt transports 20210820
{
   #TRANS 1930 {} -1050.00
   #TRANS 1630 {} 1050.00
}
#VER A 3464 20220319 Fordonsskatt transportst 20210820
{
   #TRANS 1930 {} -65.00
   #TRANS 1630 {} 65.00
}
#VER A 3465 20220319 Fordonsskatt transportst 20210820
{
   #TRANS 1930 {} -227.00
   #TRANS 1630 {} 227.00
}
#VER A 3466 20220319 Trafikförsäkringsförenin 20210820
{
   #TRANS 1930 {} -960.00
   #TRANS 1799 {} 960.00
}
#VER A 3467 20220319 031935122000 20210820
{
   #TRANS 1930 {} 1909.60
   #TRANS 1910 {} -1909.60
}
#VER A 3468 20220319 Bauhaus botk/21-08-19 20210820
{
   #TRANS 1930 {} -319.00
   #TRANS 1799 {} 319.00
}
#VER A 3469 20220319 St1 kort 20210823
{
   #TRANS 1930 {} -4635.00
   #TRANS 1799 {} 4635.00
}
#VER A 3470 20220319 031993787000 20210823
{
   #TRANS 1930 {} 3262.86
   #TRANS 1910 {} -3262.86
}
#VER A 3471 20220319 032108682000 20210824
{
   #TRANS 1930 {} 2926.03
   #TRANS 1910 {} -2926.03
}
#VER A 3472 20220319 032213527000 20210826
{
   #TRANS 1930 {} 4999.58
   #TRANS 1910 {} -4999.58
}
#VER A 3473 20220319 Besikta 0658/21-08-25 20210826
{
   #TRANS 1930 {} -319.00
   #TRANS 1799 {} 319.00
}
#VER A 3474 20220319 Biltema swed/21-08-27 20210830
{
   #TRANS 1930 {} -269.00
   #TRANS 1799 {} 269.00
}
#VER A 3475 20220319 Ln bil 20210830
{
   #TRANS 1930 {} 30000.00
   #TRANS 1910 {} -30000.00
}
#VER A 3476 20220319 Trängselskatt transports 20210830
{
   #TRANS 1930 {} -136.00
   #TRANS 1630 {} 136.00
}
#VER A 3477 20220319 Fordonsskatt transportst 20210830
{
   #TRANS 1930 {} -1419.00
   #TRANS 1630 {} 1419.00
}
#VER A 3478 20220319 Stockholms stads parkeri 20210830
{
   #TRANS 1930 {} -1100.00
   #TRANS 1799 {} 1100.00
}
#VER A 3479 20220319 Trafikkontoret c/o servi 20210830
{
   #TRANS 1930 {} -1100.00
   #TRANS 1799 {} 1100.00
}
#VER A 3480 20220319 032380501000 20210831
{
   #TRANS 1930 {} 6050.35
   #TRANS 1910 {} -6050.35
}
#VER A 3481 20220319 Besikta 0658/21-08-30 20210831
{
   #TRANS 1930 {} -319.00
   #TRANS 1799 {} 319.00
}
#VER A 3482 20220319 If skadeförs 20210901
{
   #TRANS 1930 {} -86.00
   #TRANS 1799 {} 86.00
}
#VER A 3483 20220319 032475849000 20210901
{
   #TRANS 1930 {} 4335.25
   #TRANS 1910 {} -4335.25
}
#VER A 3484 20220319 Banktjänster 20210901
{
   #TRANS 1930 {} -143.00
   #TRANS 6570 {} 143.00
}
#VER A 3485 20220319 Atracco - hu/21-08-30 20210901
{
   #TRANS 1930 {} -180.00
   #TRANS 1799 {} 180.00
}
#VER A 3486 20220319 Move inn företagsbostäde 20210902
{
   #TRANS 1930 {} -12500.00
   #TRANS 1799 {} 12500.00
}
#VER A 3487 20220319 Homerental nordic AB 20210902
{
   #TRANS 1930 {} -10000.00
   #TRANS 1799 {} 10000.00
}
#VER A 3488 20220319 Homerental nordic AB 20210902
{
   #TRANS 1930 {} -12400.00
   #TRANS 1799 {} 12400.00
}
#VER A 3489 20220319 Biltema swed/21-09-02 20210903
{
   #TRANS 1930 {} -159.00
   #TRANS 1799 {} 159.00
}
#VER A 3490 20220319 Klarna besik/21-09-04 20210906
{
   #TRANS 1930 {} -599.00
   #TRANS 1799 {} 599.00
}
#VER A 3491 20220319 Bg 222-9698 20210906
{
   #TRANS 1930 {} 49800.00
   #TRANS 1910 {} -49800.00
}
#VER A 3492 20220319 K-rauta kung/21-09-05 20210906
{
   #TRANS 1930 {} -695.00
   #TRANS 1799 {} 695.00
}
#VER A 3493 20220319 Oob hornsgat/21-09-05 20210906
{
   #TRANS 1930 {} -636.00
   #TRANS 1799 {} 636.00
}
#VER A 3494 20220319 Oob kungens /21-09-05 20210906
{
   #TRANS 1930 {} -98.00
   #TRANS 1799 {} 98.00
}
#VER A 3495 20220319 032700120000 20210907
{
   #TRANS 1930 {} 2398.75
   #TRANS 1910 {} -2398.75
}
#VER A 3496 20220319 032757329000 20210907
{
   #TRANS 1930 {} 3926.99
   #TRANS 1910 {} -3926.99
}
#VER A 3497 20220319 If skadeförs 20210908
{
   #TRANS 1930 {} -297.00
   #TRANS 1799 {} 297.00
}
#VER A 3498 20220319 032850039000 20210909
{
   #TRANS 1930 {} 2577.91
   #TRANS 1910 {} -2577.91
}
#VER A 3499 20220319 Biltema swed/21-09-09 20210910
{
   #TRANS 1930 {} -99.90
   #TRANS 1799 {} 99.90
}
#VER A 3500 20220319 832799647667 20210913
{
   #TRANS 1930 {} -15000.00
   #TRANS 1799 {} 15000.00
}
#VER A 3501 20220319 832799737944 20210913
{
   #TRANS 1930 {} -12000.00
   #TRANS 1799 {} 12000.00
}
#VER A 3502 20220319 Biltema swed/21-09-11 20210913
{
   #TRANS 1930 {} -189.00
   #TRANS 1799 {} 189.00
}
#VER A 3503 20220319 Trängselskatt transports 20210914
{
   #TRANS 1930 {} -515.00
   #TRANS 1630 {} 515.00
}
#VER A 3504 20220319 Trängselskatt transports 20210914
{
   #TRANS 1930 {} -1044.00
   #TRANS 1630 {} 1044.00
}
#VER A 3505 20220319 Sf fastighets 11 i marie 20210914
{
   #TRANS 1930 {} -38665.00
   #TRANS 1799 {} 38665.00
}
#VER A 3506 20220319 Vattenfall kundservice a 20210914
{
   #TRANS 1930 {} -1345.84
   #TRANS 1799 {} 1345.84
}
#VER A 3507 20220319 Vattenfall kundservice a 20210914
{
   #TRANS 1930 {} -1416.14
   #TRANS 1799 {} 1416.14
}
#VER A 3508 20220319 Tele2 20210914
{
   #TRANS 1930 {} -304.00
   #TRANS 1799 {} 304.00
}
#VER A 3509 20220319 033030111000 20210914
{
   #TRANS 1930 {} 5929.01
   #TRANS 1910 {} -5929.01
}
#VER A 3510 20220319 St1 tumba   /21-09-13 20210914
{
   #TRANS 1930 {} -702.64
   #TRANS 1799 {} 702.64
}
#VER A 3511 20220319 033135745000 20210915
{
   #TRANS 1930 {} 4343.76
   #TRANS 1910 {} -4343.76
}
#VER A 3512 20220319 Bg 222-9698 20210916
{
   #TRANS 1930 {} 152000.00
   #TRANS 1910 {} -152000.00
}
#VER A 3513 20220319 Biltema mora/21-09-16 20210917
{
   #TRANS 1930 {} -79.90
   #TRANS 1799 {} 79.90
}
#VER A 3514 20220319 Okq8        /21-09-17 20210920
{
   #TRANS 1930 {} -259.00
   #TRANS 1799 {} 259.00
}
#VER A 3515 20220319 033324693000 20210920
{
   #TRANS 1930 {} 4080.99
   #TRANS 1910 {} -4080.99
}
#VER A 3516 20220319 Maxi ica sto/21-09-18 20210920
{
   #TRANS 1930 {} -70.80
   #TRANS 1799 {} 70.80
}
#VER A 3517 20220319 St1 kort 20210921
{
   #TRANS 1930 {} -3413.00
   #TRANS 1799 {} 3413.00
}
#VER A 3518 20220319 033445460000 20210921
{
   #TRANS 1930 {} 3570.91
   #TRANS 1910 {} -3570.91
}
#VER A 3519 20220319 Iz  brod & s/21-09-22 20210923
{
   #TRANS 1930 {} -34.00
   #TRANS 1799 {} 34.00
}
#VER A 3520 20220319 Ica nara var/21-09-22 20210923
{
   #TRANS 1930 {} -15.00
   #TRANS 1799 {} 15.00
}
#VER A 3521 20220319 Pizzeria bue/21-09-22 20210923
{
   #TRANS 1930 {} -100.00
   #TRANS 1799 {} 100.00
}
#VER A 3522 20220319 Trafikkontor/21-09-21 20210923
{
   #TRANS 1930 {} -71.75
   #TRANS 1799 {} 71.75
}
#VER A 3523 20220319 033599890000 20210924
{
   #TRANS 1930 {} 5929.01
   #TRANS 1910 {} -5929.01
}
#VER A 3524 20220319 033793342000 20210928
{
   #TRANS 1930 {} 3115.00
   #TRANS 1910 {} -3115.00
}
#VER A 3525 20220319 Banktjänster 20210929
{
   #TRANS 1930 {} -149.00
   #TRANS 6570 {} 149.00
}
#VER A 3526 20220319 Mcd sthlm  g/21-09-22 20210929
{
   #TRANS 1930 {} -85.00
   #TRANS 1799 {} 85.00
}
#VER A 3527 20220319 Autodoc     /21-09-28 20210929
{
   #TRANS 1930 {} -960.96
   #TRANS 2893 {} 960.96
}
#VER A 3528 20220319 Trängselskatt transports 20210930
{
   #TRANS 1930 {} -33.00
   #TRANS 1630 {} 33.00
}
#VER A 3529 20220319 Trängselskatt transports 20210930
{
   #TRANS 1930 {} -533.00
   #TRANS 1630 {} 533.00
}
#VER A 3530 20220319 Trängselskatt transports 20210930
{
   #TRANS 1930 {} -932.00
   #TRANS 1630 {} 932.00
}
#VER A 3531 20220319 Ränta 20210930
{
   #TRANS 1930 {} -1863.54
   #TRANS 1799 {} 1863.54
}
#VER A 3532 20220319 033959823000 20211001
{
   #TRANS 1930 {} 6496.79
   #TRANS 1910 {} -6496.79
}
#VER A 3533 20220319 Blocket bost/21-09-30 20211001
{
   #TRANS 1930 {} -199.00
   #TRANS 1799 {} 199.00
}
#VER A 3534 20220319 034112488000 20211005
{
   #TRANS 1930 {} 2048.19
   #TRANS 1910 {} -2048.19
}
#VER A 3535 20220319 Biltema swed/21-10-04 20211005
{
   #TRANS 1930 {} -368.90
   #TRANS 1799 {} 368.90
}
#VER A 3536 20220319 Move inn företagsbostäde 20211006
{
   #TRANS 1930 {} -12500.00
   #TRANS 1799 {} 12500.00
}
#VER A 3537 20220319 Fordonsskatt transportst 20211006
{
   #TRANS 1930 {} -633.00
   #TRANS 1630 {} 633.00
}
#VER A 3538 20220319 Santander consumer bank 20211006
{
   #TRANS 1930 {} -6209.00
   #TRANS 1799 {} 6209.00
}
#VER A 3539 20220319 Homerental nordic AB 20211006
{
   #TRANS 1930 {} -12400.00
   #TRANS 1799 {} 12400.00
}
#VER A 3540 20220319 Homerental nordic AB 20211006
{
   #TRANS 1930 {} -10000.00
   #TRANS 1799 {} 10000.00
}
#VER A 3541 20220319 Trafikkontoret c/o servi 20211006
{
   #TRANS 1930 {} -1400.00
   #TRANS 1799 {} 1400.00
}
#VER A 3542 20220319 Gothia inkasso 20211006
{
   #TRANS 1930 {} -180.00
   #TRANS 1799 {} 180.00
}
#VER A 3543 20220319 034163839000 20211006
{
   #TRANS 1930 {} 19529.06
   #TRANS 1910 {} -19529.06
}
#VER A 3544 20220319 Tele2 sverige AB 20211007
{
   #TRANS 1930 {} -717.00
   #TRANS 1799 {} 717.00
}
#VER A 3545 20220319 Blocket     /21-10-06 20211007
{
   #TRANS 1930 {} -180.00
   #TRANS 1799 {} 180.00
}
#VER A 3546 20220319 If skadeförs 20211008
{
   #TRANS 1930 {} -297.00
   #TRANS 1799 {} 297.00
}
#VER A 3547 20220319 Ec polska ze/21-10-06 20211008
{
   #TRANS 1930 {} -1361.00
   #TRANS 1799 {} 1361.00
}
#VER A 3548 20220319 Autodoc     /21-10-07 20211008
{
   #TRANS 1930 {} -1897.09
   #TRANS 2893 {} 1897.09
}
#VER A 3549 20220319 Bg 222-9698 20211011
{
   #TRANS 1930 {} 2700.00
   #TRANS 1910 {} -2700.00
}
#VER A 3550 20220319 Bauhaus sick/21-10-10 20211011
{
   #TRANS 1930 {} -549.75
   #TRANS 1799 {} 549.75
}
#VER A 3551 20220319 Sf fastighets 11 i marie 20211012
{
   #TRANS 1930 {} -12791.00
   #TRANS 1799 {} 12791.00
}
#VER A 3552 20220319 034466529000 20211012
{
   #TRANS 1930 {} 1636.27
   #TRANS 1910 {} -1636.27
}
#VER A 3553 20220319 Jarn & fargh/21-10-11 20211012
{
   #TRANS 1930 {} -299.00
   #TRANS 1799 {} 299.00
}
#VER A 3554 20220319 Okq8        /21-10-09 20211012
{
   #TRANS 1930 {} -60.00
   #TRANS 1799 {} 60.00
}
#VER A 3555 20220319 Okq8        /21-10-09 20211012
{
   #TRANS 1930 {} -40.00
   #TRANS 1799 {} 40.00
}
#VER A 3556 20220319 Luxembourg  /21-10-15 20211018
{
   #TRANS 1930 {} -825.52
   #TRANS 1799 {} 825.52
}
#VER A 3557 20220319 034776977000 20211019
{
   #TRANS 1930 {} 2879.78
   #TRANS 1910 {} -2879.78
}
#VER A 3558 20220319 Trängselskatt transports 20211021
{
   #TRANS 1930 {} -533.00
   #TRANS 1630 {} 533.00
}
#VER A 3559 20220319 Trängselskatt transports 20211021
{
   #TRANS 1930 {} -932.00
   #TRANS 1630 {} 932.00
}
#VER A 3560 20220319 Falck räddningskår AB 20211021
{
   #TRANS 1930 {} -3894.00
   #TRANS 1799 {} 3894.00
}
#VER A 3561 20220319 Viking service 20211021
{
   #TRANS 1930 {} -637.00
   #TRANS 1799 {} 637.00
}
#VER A 3562 20220319 Fordonsskatt transportst 20211021
{
   #TRANS 1930 {} -65.00
   #TRANS 1630 {} 65.00
}
#VER A 3563 20220319 Fordonsskatt transportst 20211021
{
   #TRANS 1930 {} -65.00
   #TRANS 1630 {} 65.00
}
#VER A 3564 20220319 Felparkeringsavgift tran 20211021
{
   #TRANS 1930 {} -1050.00
   #TRANS 1799 {} 1050.00
}
#VER A 3565 20220319 Vattenfall kundservice a 20211021
{
   #TRANS 1930 {} -1418.11
   #TRANS 1799 {} 1418.11
}
#VER A 3566 20220319 Tele2 sverige AB 20211021
{
   #TRANS 1930 {} -735.00
   #TRANS 1799 {} 735.00
}
#VER A 3567 20220319 Trafikkontoret c/o servi 20211021
{
   #TRANS 1930 {} -1100.00
   #TRANS 1799 {} 1100.00
}
#VER A 3568 20220319 Gothia inkasso 20211021
{
   #TRANS 1930 {} -680.00
   #TRANS 1799 {} 680.00
}
#VER A 3569 20220319 034938211000 20211021
{
   #TRANS 1930 {} 4081.25
   #TRANS 1910 {} -4081.25
}
#VER A 3570 20220319 Okq8        /21-10-20 20211021
{
   #TRANS 1930 {} -355.00
   #TRANS 1799 {} 355.00
}
#VER A 3571 20220319 Molly malone/21-10-20 20211021
{
   #TRANS 1930 {} -118.00
   #TRANS 1799 {} 118.00
}
#VER A 3572 20220319 Coop östgöta/21-10-20 20211022
{
   #TRANS 1930 {} -61.95
   #TRANS 1799 {} 61.95
}
#VER A 3573 20220319 Bilia group /21-10-22 20211025
{
   #TRANS 1930 {} -370.00
   #TRANS 1799 {} 370.00
}
#VER A 3574 20220319 St1 kort 20211025
{
   #TRANS 1930 {} -4112.00
   #TRANS 1799 {} 4112.00
}
#VER A 3575 20220319 Bg 222-9698 20211026
{
   #TRANS 1930 {} 1345.84
   #TRANS 1910 {} -1345.84
}
#VER A 3576 20220319 035184889000 20211026
{
   #TRANS 1930 {} 2048.18
   #TRANS 1910 {} -2048.18
}
#VER A 3577 20220319 Okq8        /21-10-23 20211026
{
   #TRANS 1930 {} -40.00
   #TRANS 1799 {} 40.00
}
#VER A 3578 20220319 Okq8        /21-10-23 20211026
{
   #TRANS 1930 {} -20.00
   #TRANS 1799 {} 20.00
}
#VER A 3579 20220319 035230804000 20211027
{
   #TRANS 1930 {} 3711.39
   #TRANS 1910 {} -3711.39
}
#VER A 3580 20220319 Brussels    /21-10-25 20211027
{
   #TRANS 1930 {} -11544.04
   #TRANS 1799 {} 11544.04
}
#VER A 3581 20220319 Move inn företagsbostäde 20211029
{
   #TRANS 1930 {} -12500.00
   #TRANS 1799 {} 12500.00
}
#VER A 3582 20220319 Homerental nordic AB 20211029
{
   #TRANS 1930 {} -12400.00
   #TRANS 1799 {} 12400.00
}
#VER A 3583 20220319 Banktjänster 20211029
{
   #TRANS 1930 {} -140.00
   #TRANS 6570 {} 140.00
}
#VER A 3584 20220319 Okq8        /21-10-28 20211029
{
   #TRANS 1930 {} -670.41
   #TRANS 1799 {} 670.41
}
#VER A 3585 20220319 Baras backe /21-10-28 20211029
{
   #TRANS 1930 {} -39.00
   #TRANS 1799 {} 39.00
}
#VER A 3586 20220319 La neta     /21-10-28 20211029
{
   #TRANS 1930 {} -175.00
   #TRANS 1799 {} 175.00
}
#VER A 3587 20220319 La neta     /21-10-28 20211029
{
   #TRANS 1930 {} -50.00
   #TRANS 1799 {} 50.00
}
#VER A 3588 20220319 Rusta - 75 b/21-10-29 20211101
{
   #TRANS 1930 {} -453.70
   #TRANS 1799 {} 453.70
}
#VER A 3589 20220319 Trygg hansa försäkring f 20211101
{
   #TRANS 1930 {} -1385.00
   #TRANS 1799 {} 1385.00
}
#VER A 3590 20220319 Felparkeringsavgift tran 20211101
{
   #TRANS 1930 {} -900.00
   #TRANS 1799 {} 900.00
}
#VER A 3591 20220319 Vattenfall kundservice a 20211101
{
   #TRANS 1930 {} -1465.48
   #TRANS 1799 {} 1465.48
}
#VER A 3592 20220319 Homerental nordic AB 20211101
{
   #TRANS 1930 {} -10000.00
   #TRANS 1799 {} 10000.00
}
#VER A 3593 20220319 035531931000 20211102
{
   #TRANS 1930 {} 5871.24
   #TRANS 1910 {} -5871.24
}
#VER A 3594 20220319 Skatteverket 20211104
{
   #TRANS 1930 {} -625.00
   #TRANS 1630 {} 625.00
}
#VER A 3595 20220319 Sergel kredittjänster AB 20211104
{
   #TRANS 1930 {} -181.00
   #TRANS 1799 {} 181.00
}
#VER A 3596 20220319 035627469000 20211104
{
   #TRANS 1930 {} 2021.25
   #TRANS 1910 {} -2021.25
}
#VER A 3597 20220319 035686196000 20211105
{
   #TRANS 1930 {} 1867.23
   #TRANS 1910 {} -1867.23
}
#VER A 3598 20220319 If skadeförs 20211108
{
   #TRANS 1930 {} -297.00
   #TRANS 1799 {} 297.00
}
#VER A 3599 20220319 Bg 222-9698 20211108
{
   #TRANS 1930 {} 82.00
   #TRANS 1910 {} -82.00
}
#VER A 3600 20220319 035850587000 20211109
{
   #TRANS 1930 {} 769.97
   #TRANS 1910 {} -769.97
}
#VER A 3601 20220319 035850587000 20211109
{
   #TRANS 1930 {} 5534.38
   #TRANS 1910 {} -5534.38
}
#VER A 3602 20220319 035954274000 20211111
{
   #TRANS 1930 {} 599.99
   #TRANS 1910 {} -599.99
}
#VER A 3603 20220319 036074628000 20211115
{
   #TRANS 1930 {} 4475.63
   #TRANS 1910 {} -4475.63
}
#VER A 3604 20220319 036188068000 20211116
{
   #TRANS 1930 {} 4263.86
   #TRANS 1910 {} -4263.86
}
#VER A 3605 20220319 Salto de pir/21-11-16 20211117
{
   #TRANS 1930 {} -48.38
   #TRANS 1799 {} 48.38
}
#VER A 3606 20220319 Osasco      /21-11-16 20211117
{
   #TRANS 1930 {} -28.48
   #TRANS 1799 {} 28.48
}
#VER A 3607 20220319 036291566000 20211118
{
   #TRANS 1930 {} 3248.44
   #TRANS 1910 {} -3248.44
}
#VER A 3608 20220319 Osasco      /21-11-17 20211118
{
   #TRANS 1930 {} -38.53
   #TRANS 1799 {} 38.53
}
#VER A 3609 20220319 Osasco      /21-11-17 20211118
{
   #TRANS 1930 {} -73.61
   #TRANS 1799 {} 73.61
}
#VER A 3610 20220319 Osasco      /21-11-17 20211118
{
   #TRANS 1930 {} -92.83
   #TRANS 1799 {} 92.83
}
#VER A 3611 20220319 Osasco      /21-11-17 20211118
{
   #TRANS 1930 {} -42.38
   #TRANS 1799 {} 42.38
}
#VER A 3612 20220319 Osasco      /21-11-17 20211118
{
   #TRANS 1930 {} -754.69
   #TRANS 1799 {} 754.69
}
#VER A 3613 20220319 Galpao da gu/21-11-17 20211118
{
   #TRANS 1930 {} -60.11
   #TRANS 1799 {} 60.11
}
#VER A 3614 20220319 Grupo ix caf/21-11-17 20211118
{
   #TRANS 1930 {} -13.20
   #TRANS 1799 {} 13.20
}
#VER A 3615 20220319 Osasco      /21-11-17 20211118
{
   #TRANS 1930 {} -75.39
   #TRANS 1799 {} 75.39
}
#VER A 3616 20220319 Osasco      /21-11-17 20211118
{
   #TRANS 1930 {} -184.27
   #TRANS 1799 {} 184.27
}
#VER A 3617 20220319 Sao paulo   /21-11-17 20211118
{
   #TRANS 1930 {} -41.88
   #TRANS 1799 {} 41.88
}
#VER A 3618 20220319 036356184000 20211119
{
   #TRANS 1930 {} 2593.90
   #TRANS 1910 {} -2593.90
}
#VER A 3619 20220319 Taboao da se/21-11-18 20211119
{
   #TRANS 1930 {} -19.94
   #TRANS 1799 {} 19.94
}
#VER A 3620 20220319 Osasco      /21-11-18 20211119
{
   #TRANS 1930 {} -51.51
   #TRANS 1799 {} 51.51
}
#VER A 3621 20220319 Osasco      /21-11-18 20211119
{
   #TRANS 1930 {} -90.56
   #TRANS 1799 {} 90.56
}
#VER A 3622 20220319 Embu das art/21-11-18 20211119
{
   #TRANS 1930 {} -9.89
   #TRANS 1799 {} 9.89
}
#VER A 3623 20220319 Osasco      /21-11-18 20211119
{
   #TRANS 1930 {} -30.18
   #TRANS 1799 {} 30.18
}
#VER A 3624 20220319 Osasco      /21-11-19 20211122
{
   #TRANS 1930 {} -38.22
   #TRANS 1799 {} 38.22
}
#VER A 3625 20220319 Osasco      /21-11-19 20211122
{
   #TRANS 1930 {} -62.82
   #TRANS 1799 {} 62.82
}
#VER A 3626 20220319 Osasco      /21-11-19 20211122
{
   #TRANS 1930 {} -16.49
   #TRANS 1799 {} 16.49
}
#VER A 3627 20220319 Osasco      /21-11-19 20211122
{
   #TRANS 1930 {} -23.25
   #TRANS 1799 {} 23.25
}
#VER A 3628 20220319 Osasco      /21-11-19 20211122
{
   #TRANS 1930 {} -58.94
   #TRANS 1799 {} 58.94
}
#VER A 3629 20220319 Osasco      /21-11-20 20211122
{
   #TRANS 1930 {} -38.33
   #TRANS 1799 {} 38.33
}
#VER A 3630 20220319 Itapecerica /21-11-20 20211122
{
   #TRANS 1930 {} -76.65
   #TRANS 1799 {} 76.65
}
#VER A 3631 20220319 Juquitiba   /21-11-20 20211122
{
   #TRANS 1930 {} -266.63
   #TRANS 1799 {} 266.63
}
#VER A 3632 20220319 Osasco      /21-11-20 20211122
{
   #TRANS 1930 {} -30.00
   #TRANS 1799 {} 30.00
}
#VER A 3633 20220319 Amsterdam   /21-11-22 20211122
{
   #TRANS 1930 {} -122.42
   #TRANS 1799 {} 122.42
}
#VER A 3634 20220319 Osasco      /21-11-21 20211122
{
   #TRANS 1930 {} -38.33
   #TRANS 1799 {} 38.33
}
#VER A 3635 20220319 Sao paulo   /21-11-21 20211122
{
   #TRANS 1930 {} -61.50
   #TRANS 1799 {} 61.50
}
#VER A 3636 20220319 Guarulhos   /21-11-21 20211122
{
   #TRANS 1930 {} -182.35
   #TRANS 1799 {} 182.35
}
#VER A 3637 20220319 Taboao da se/21-11-21 20211122
{
   #TRANS 1930 {} -1093.19
   #TRANS 1799 {} 1093.19
}
#VER A 3638 20220319 Osasco      /21-11-21 20211122
{
   #TRANS 1930 {} -30.00
   #TRANS 1799 {} 30.00
}
#VER A 3639 20220319 Sao roque   /21-11-21 20211122
{
   #TRANS 1930 {} -20.00
   #TRANS 1799 {} 20.00
}
#VER A 3640 20220319 St1 kort 20211123
{
   #TRANS 1930 {} -2370.00
   #TRANS 1799 {} 2370.00
}
#VER A 3641 20220319 036557131000 20211123
{
   #TRANS 1930 {} 2695.03
   #TRANS 1910 {} -2695.03
}
#VER A 3642 20220319 036557131000 20211123
{
   #TRANS 1930 {} 2839.35
   #TRANS 1910 {} -2839.35
}
#VER A 3643 20220319 036748028000 20211126
{
   #TRANS 1930 {} 2434.17
   #TRANS 1910 {} -2434.17
}
#VER A 3644 20220319 Pizzeria bue/21-11-25 20211126
{
   #TRANS 1930 {} -120.00
   #TRANS 1799 {} 120.00
}
#VER A 3645 20220319 Ingo soderte/21-11-26 20211129
{
   #TRANS 1930 {} -790.52
   #TRANS 1799 {} 790.52
}
#VER A 3646 20220319 Fordonsskatt transportst 20211129
{
   #TRANS 1930 {} -65.00
   #TRANS 1630 {} 65.00
}
#VER A 3647 20220319 Fordonsskatt transportst 20211129
{
   #TRANS 1930 {} -65.00
   #TRANS 1630 {} 65.00
}
#VER A 3648 20220319 Felparkeringsavgift tran 20211129
{
   #TRANS 1930 {} -1100.00
   #TRANS 1799 {} 1100.00
}
#VER A 3649 20220319 Trafikkontoret c/o servi 20211129
{
   #TRANS 1930 {} -1400.00
   #TRANS 1799 {} 1400.00
}
#VER A 3650 20220319 036811686000 20211129
{
   #TRANS 1930 {} 3657.48
   #TRANS 1910 {} -3657.48
}
#VER A 3651 20220319 Trängselskatt transports 20211130
{
   #TRANS 1930 {} -30.00
   #TRANS 1630 {} 30.00
}
#VER A 3652 20220319 Trängselskatt transports 20211130
{
   #TRANS 1930 {} -200.00
   #TRANS 1630 {} 200.00
}
#VER A 3653 20220319 Trängselskatt transports 20211130
{
   #TRANS 1930 {} -529.00
   #TRANS 1630 {} 529.00
}
#VER A 3654 20220319 Trängselskatt transports 20211130
{
   #TRANS 1930 {} -651.00
   #TRANS 1630 {} 651.00
}
#VER A 3655 20220319 Trängselskatt transports 20211130
{
   #TRANS 1930 {} -785.00
   #TRANS 1630 {} 785.00
}
#VER A 3656 20220319 Trängselskatt transports 20211130
{
   #TRANS 1930 {} -1266.00
   #TRANS 1630 {} 1266.00
}
#VER A 3657 20220319 Fortus international fin 20211130
{
   #TRANS 1930 {} -2275.00
   #TRANS 1799 {} 2275.00
}
#VER A 3658 20220319 Sf fastighets 11 i marie 20211130
{
   #TRANS 1930 {} -12805.00
   #TRANS 1799 {} 12805.00
}
#VER A 3659 20220319 Move inn företagsbostäde 20211130
{
   #TRANS 1930 {} -12500.00
   #TRANS 1799 {} 12500.00
}
#VER A 3660 20220319 Fordonsskatt transportst 20211130
{
   #TRANS 1930 {} -65.00
   #TRANS 1630 {} 65.00
}
#VER A 3661 20220319 Felparkeringsavgift tran 20211130
{
   #TRANS 1930 {} -900.00
   #TRANS 1799 {} 900.00
}
#VER A 3662 20220319 Felparkeringsavgift tran 20211130
{
   #TRANS 1930 {} -1100.00
   #TRANS 1799 {} 1100.00
}
#VER A 3663 20220319 Felparkeringsavgift tran 20211130
{
   #TRANS 1930 {} -1100.00
   #TRANS 1799 {} 1100.00
}
#VER A 3664 20220319 Tele2 sverige AB 20211130
{
   #TRANS 1930 {} -643.00
   #TRANS 1799 {} 643.00
}
#VER A 3665 20220319 Homerental nordic AB 20211130
{
   #TRANS 1930 {} -10000.00
   #TRANS 1799 {} 10000.00
}
#VER A 3666 20220319 Homerental nordic AB 20211130
{
   #TRANS 1930 {} -12400.00
   #TRANS 1799 {} 12400.00
}
#VER A 3667 20220319 036929465000 20211130
{
   #TRANS 1930 {} 2464.03
   #TRANS 1910 {} -2464.03
}
#VER A 3668 20220319 Banktjänster 20211130
{
   #TRANS 1930 {} -158.00
   #TRANS 6570 {} 158.00
}
#VER A 3669 20220319 036973104000 20211201
{
   #TRANS 1930 {} 10231.45
   #TRANS 1910 {} -10231.45
}
#VER A 3670 20220319 Ica supermar/21-12-01 20211202
{
   #TRANS 1930 {} -156.00
   #TRANS 1799 {} 156.00
}
#VER A 3671 20220319 037102584000 20211203
{
   #TRANS 1930 {} 88.60
   #TRANS 1910 {} -88.60
}
#VER A 3672 20220319 Atm kontante/21-12-03 20211206
{
   #TRANS 1930 {} -500.00
   #TRANS 1799 {} 500.00
}
#VER A 3673 20220319 Atm kontante/21-12-03 20211206
{
   #TRANS 1930 {} -500.00
   #TRANS 1799 {} 500.00
}
#VER A 3674 20220319 037172954000 20211206
{
   #TRANS 1930 {} 88.55
   #TRANS 1910 {} -88.55
}
#VER A 3675 20220319 037312386000 20211207
{
   #TRANS 1930 {} 1039.50
   #TRANS 1910 {} -1039.50
}
#VER A 3676 20220319 037312386000 20211207
{
   #TRANS 1930 {} 3503.67
   #TRANS 1910 {} -3503.67
}
#VER A 3677 20220319 037312386000 20211207
{
   #TRANS 1930 {} 4042.46
   #TRANS 1910 {} -4042.46
}
#VER A 3678 20220319 Aut19:59 20211207
{
   #TRANS 1930 {} -1500.00
   #TRANS 2893 {} 1500.00
}
#VER A 3679 20220319 If skadeförs 20211208
{
   #TRANS 1930 {} -297.00
   #TRANS 1799 {} 297.00
}
#VER A 3680 20220319 St1 tullinge/21-12-07 20211208
{
   #TRANS 1930 {} -500.09
   #TRANS 1799 {} 500.09
}
#VER A 3681 20220319 Biltema mora/21-12-08 20211209
{
   #TRANS 1930 {} -1249.00
   #TRANS 1799 {} 1249.00
}
#VER A 3682 20220319 Biltema swed/21-12-08 20211209
{
   #TRANS 1930 {} -1318.90
   #TRANS 1799 {} 1318.90
}
#VER A 3683 20220319 Biltema swed/21-12-08 20211209
{
   #TRANS 1930 {} 1249.00
   #TRANS 1910 {} -1249.00
}
#VER A 3684 20220319 Bilprovninge/21-12-08 20211209
{
   #TRANS 1930 {} -519.00
   #TRANS 1799 {} 519.00
}
#VER A 3685 20220319 037481765000 20211210
{
   #TRANS 1930 {} 2117.51
   #TRANS 1910 {} -2117.51
}
#VER A 3686 20220319 037759619000 20211214
{
   #TRANS 1930 {} 2213.75
   #TRANS 1910 {} -2213.75
}
#VER A 3687 20220319 037608381000 20211214
{
   #TRANS 1930 {} 2723.94
   #TRANS 1910 {} -2723.94
}
#VER A 3688 20220319 037804585000 20211215
{
   #TRANS 1930 {} 3859.61
   #TRANS 1910 {} -3859.61
}
#VER A 3689 20220319 810597346056 20211221
{
   #TRANS 1930 {} -8289.00
   #TRANS 1799 {} 8289.00
}
#VER A 3690 20220319 038108931000 20211221
{
   #TRANS 1930 {} 2166.59
   #TRANS 1910 {} -2166.59
}
#VER A 3691 20220319 038053971000 20211221
{
   #TRANS 1930 {} 3128.13
   #TRANS 1910 {} -3128.13
}
#VER A 3692 20220319 038053971000 20211221
{
   #TRANS 1930 {} 4023.25
   #TRANS 1910 {} -4023.25
}
#VER A 3693 20220319 Shell upplan/21-12-20 20211221
{
   #TRANS 1930 {} -300.26
   #TRANS 1799 {} 300.26
}
#VER A 3694 20220319 038153167000 20211222
{
   #TRANS 1930 {} 3962.60
   #TRANS 1910 {} -3962.60
}
#VER A 3695 20220319 Atm kontante/21-12-21 20211222
{
   #TRANS 1930 {} -2000.00
   #TRANS 1799 {} 2000.00
}
#VER A 3696 20220319 Okq8        /21-12-24 20211227
{
   #TRANS 1930 {} -202.14
   #TRANS 1799 {} 202.14
}
#VER A 3697 20220319 Vattenfall 20211228
{
   #TRANS 1930 {} -1169.08
   #TRANS 1799 {} 1169.08
}
#VER A 3698 20220319 038443963000 20211228
{
   #TRANS 1930 {} 2048.20
   #TRANS 1910 {} -2048.20
}
#VER A 3699 20220319 038443963000 20211228
{
   #TRANS 1930 {} 2213.76
   #TRANS 1910 {} -2213.76
}
#VER A 3700 20220319 Okq8        /21-12-26 20211228
{
   #TRANS 1930 {} -60.00
   #TRANS 1799 {} 60.00
}
#VER A 3701 20220319 35314369001 /21-12-27 20211228
{
   #TRANS 1930 {} -2060.37
   #TRANS 1799 {} 2060.37
}
#VER A 3702 20220319 Trafikkontoret c/o servi 20211229
{
   #TRANS 1930 {} -1100.00
   #TRANS 1799 {} 1100.00
}
